@online{ALPAGEGlossaire2024,
  title = {Glossaire géomatique},
  author = {Alpage},
  date = {2024},
  url = {https://alpage.huma-num.fr/glossaire-geomatique/},
  urldate = {2024-08-06},
  abstract = {Administration de données activité de l’administrateur de données. Celui-ci gère la documentation des données (metadonnées), qualifie les données et les contrôle, et enfin gère leur diffusion et en particulier les droits d’accès au système d’information~: droit de consultation, de modification, de mise à jour, de création ou destruction de classes d’objets, de modification de règles … Continuer la lecture de «~Glossaire géomatique~»},
  langid = {french},
  organization = {Alpage},
  file = {/home/marina/Zotero/storage/9ISVBGNR/glossaire-geomatique.html}
}

@incollection{ANDRYChapitre2022,
  title = {Chapitre~1. Les~fondements de~la~visualisation d’information},
  booktitle = {Les fondamentaux de la visualisation de données},
  author = {Andry, Tiffany and Kieffer, Suzanne and Lambotte, François},
  date = {2022},
  series = {INFO\&COM},
  pages = {13--34},
  publisher = {De Boeck Supérieur},
  location = {Louvain-la-Neuve},
  url = {https://www.cairn.info/les-fondamentaux-de-la-visualisation-de-donnees--9782807341579-p-13.htm},
  urldate = {2024-08-12},
  abstract = {Graphiques dans Les médias (presse, télévision, réseaux sociaux, plateformes web, etc.), outils d'aide à la décision en entreprise ou encore balises de suivi de nos activités physiques sur smartphone : la visualisation de données est aujourd'hui omniprésente. Avec l'explosion du numérique, présenter de grands ensembles de données de manière intelligible est devenu un enjeu sociétal. Cet ouvrage montre le rifle joué par la visualisation en tant que médium privilégié dans nos interactions avec les données. Il propose, d'une part, une perspective historique de la discipline et met en évidence l'importance de la perception visuelle dans l'interaction avec les données. Il offre, d'autre part, un guide à la conception de visualisations de données composé d'un catalogue répertoriant les grands classiques de la visualisation et d'une série de principes à respecter pour concevoir des visualisations claires, efficaces et fidèles aux données.},
  isbn = {978-2-8073-4157-9},
  langid = {french}
}

@article{ARNAUDcarte2023,
  title = {La carte, de l’analogique au numérique. Modes de traitement et éléments de méthode},
  author = {Arnaud, Jean-Luc and Suarez, Romain},
  date = {2023-07-01},
  journaltitle = {Humanités numériques},
  number = {7},
  publisher = {Humanistica},
  issn = {2736-2337},
  doi = {10.4000/revuehn.3376},
  url = {https://journals.openedition.org/revuehn/3376},
  urldate = {2024-05-13},
  abstract = {Dans le cadre d’un programme de recherche dédié à la vectorisation automatique des documents cartographiques anciens, les auteurs examinent les cartes comme des assemblages de signes conventionnels qui figurent le réel de manière à la fois partielle et partiale. Après un examen détaillé des difficultés que soulève l’interprétation des documents et des ambiguïtés qu’ils présentent, ils considèrent la catégorisation des données comme un point crucial et proposent une approche à la fois multiscalaire et interscalaire pour faciliter leur investigation.},
  issue = {7},
  langid = {french},
  keywords = {cartographie,histoire,numérisation},
  file = {/home/marina/Zotero/storage/2SYWE8Z8/Arnaud et Suarez - 2023 - La carte, de l’analogique au numérique. Modes de t.pdf}
}

@article{BERNIERconcepts2014,
  title = {Les concepts de base des Systèmes d’Information Géographique (SIG) : les données et les fonctions générales},
  shorttitle = {Les concepts de base des Systèmes d’Information Géographique (SIG)},
  author = {Bernier, Sylvie and Duthoit, Sylvie and Ladet, Sylvie and Baudet, Denis},
  date = {2014},
  journaltitle = {Cahier des Techniques de l'INRA},
  pages = {19},
  url = {https://hal.inrae.fr/hal-02639045},
  urldate = {2024-08-18},
  abstract = {La géomatique regroupe l'ensemble des outils et méthodes permettant d'acquérir, de représenter, d'analyser et d'intégrer les informations à référence spatiale issues de sources hétérogènes. Cette discipline, déjà largement développée au sein des unités de recherche devient de plus en plus couramment utilisée par les Unités Expérimentales de l’INRA, notamment par l’utilisation des systèmes d’informations géographiques (SIG). Dans cet article, nous revenons sur les bases nécessaires pour comprendre et utiliser un SIG. Un SIG permet de visualiser et d’analyser des données géographiques de deux formats principaux : le format raster (images satellites, photographies aériennes, cartes scannées, etc.) et le format vecteur qui correspond à une simplification du monde réel en objets graphiques auxquels sont reliées des informations descriptives plus ou moins complexes. Afin que toutes ces données soient superposables pour être analysées ensemble, elles doivent appartenir à un système de coordonnées ; c’est un système de référence permettant d’exprimer la position d’un objet dans ses deux ou trois dimensions. Toutes les données géographiques peuvent être regroupées en base des données spatialisées contenant toutes les informations essentielles pour une bonne utilisation (types de données utilisées, structure des données descriptives, source, date de création, etc.). Les fonctionnalités des SIG permettant l’exploitation des données géolocalisées (données issues de GPS, d'imageries satellitales, de photographies aériennes, de données d’expérimentation...) sont nombreuses. Les principales sont présentées à travers des exemples issus de problématiques rencontrées à l’INRA et sur le logiciels SIG Quantum Gis (QGis : logiciel libre et gratuit). L’utilisation des SIG ne serait pas optimisée sans une bonne qualité des données de référence. Nous dressons ainsi un panorama des données géographiques des grands producteurs de données français, accessibles gratuitement ou à faible coût au monde de la recherche publique depuis ces dernières années. La politique de l’Europe et de la France est de développer le partage de l’information géographique à l’aide des nouvelles technologies sur Internet, sur mobiles et lié au GPS. L’ensemble de ces éléments permet d’envisager une facilité d’accès et de partage à l’information spatialisée que l’on peut également mettre en place à l’INRA.},
  langid = {french}
}

@book{BERTINSemiologie1967,
  title = {Sémiologie Graphique. {{Les}} Diagrammes - Les Réseaux - Les Cartes},
  author = {Bertin, Jacques},
  date = {1967},
  publisher = {EHESS},
  location = {Paris}
}


@thesis{BUARDModelisation2015,
  type = {phdthesis},
  title = {Modélisation des sources anciennes et édition numérique},
  author = {Buard, Pierre-Yves},
  date = {2015-05-04},
  institution = {Université de Caen},
  url = {https://hal.science/tel-01279385},
  urldate = {2024-05-13},
  abstract = {Les sources anciennes présentent une complexité d'organisation textuelle qui incite à la définition de modèles d'édition spécifiques adaptés. Sur la base de l'étude des pratiques des métiers de la conservation, de l'analyse et de l'édition des textes anciens, la thèse propose un modèle général d'organisation du travail permettant la circulation des informations sur les objets conservés ainsi que les textes portés par ces mêmes objets. La prise en compte des cultures métier confrontées au contexte de la convergence numérique et de l'omniprésence du réseau conduit à interroger la notion de document pour la replacer dans une logique plus vaste des flux de données et des fragments d'informations numériques. Nous proposons de considérer et d'organiser l'ensemble des informations manipulées en flux de textes structurés par les chercheurs en sciences en humaines et sociales. En nous appuyant sur de nombreuses expérimentations menées dans le monde de l'édition institutionnelle, nous proposons un modèle d'organisation des ressources textuelles finement structurés dans le but de faciliter les exploitations éditoriales et les programmes de recherche dans le domaine des humanités numériques.},
  langid = {french},
  file = {/home/marina/Zotero/storage/JZG4E78V/Buard - 2015 - Modélisation des sources anciennes et édition numé.pdf}
}

@article{BUCHERcarte2007,
  title = {La Carte à La Carte Sur Le {{Web}}},
  author = {Bucher, Bénédicte},
  date = {2007-09},
  journaltitle = {Comité français de cartographie},
  number = {193},
  pages = {1--11},
  abstract = {La rédaction d’une carte sur mesure sur le Web présente des spécificités fortes : nouvelles fonctions attendues de la carte, nouveau type de carte, nouvelles architectures de conception. Les nouvelles possibilités offertes par le Web et les nouvelles compétences exigées pour les exploiter ont pu occulter la pertinence de l’expertise traditionnelle du cartographe pour conce- voir une carte sur mesure efficace. Cet article insiste sur l’importance d’intégrer cette expertise dans les architectures de conception d’une carte à la carte sur le Web.}
}

@online{CEJUDObreve2022,
  title = {Une brève histoire de la Data Visualisation.},
  author = {Cejudo, Marta},
  date = {2022-06-16T12:56:03+00:00},
  url = {https://www.mydral.com/une-breve-histoire-de-la-data-visualisation/},
  urldate = {2024-08-12},
  abstract = {La histoire de la data visualisation est un procédé de transmission de l'information qui remonte à plusieurs siècles.},
  langid = {french},
  organization = {MYDRAL - DATA IS POWER}
}

@online{CFCHistoire2024,
  title = {Histoire de La Cartographie},
  author = {CFC},
  date = {2024},
  url = {https://www.lecfc.fr/index.php?page=commission&commission=4},
  urldate = {2024-08-12},
  file = {/home/marina/Zotero/storage/T8IHUULF/index.html}
}

@article{CHIVALLONLespace2008,
  title = {L'espace, le réel et l'imaginaire~: a-t-on encore besoin de la géographie culturelle~?},
  shorttitle = {L'espace, le réel et l'imaginaire},
  author = {Chivallon, Christine},
  date = {2008},
  journaltitle = {Annales de géographie},
  shortjournal = {Annales de géographie},
  volume = {660--661},
  number = {2-3},
  pages = {67--89},
  publisher = {Armand Colin},
  location = {Paris},
  issn = {0003-4010},
  doi = {10.3917/ag.660.0067},
  url = {https://www.cairn.info/revue-annales-de-geographie-2008-2-3-page-67.htm},
  urldate = {2024-05-21},
  abstract = {Cet article propose d’analyser les répercussions de la définition du sous-champ disciplinaire constituée par la «~géographie culturelle~» sur la définition de l’objet géographique. Une première partie s’intéresse au contexte de la discipline, à ses incertitudes toujours actuelles quant à une définition stable de son objet. Elle conforte ce diagnostic au travers d’une approche critique des définitions de l’espace faites au cours des dernières années et destinées à stabiliser le socle théorique de la géographie. La fragilité conceptuelle du couple idéel et matériel est abordée comme l’obstacle majeur de cette stabilisation. Elle est alimentée par la distribution des compétences dans des secteurs spécialisés qui attribuent à la géographie culturelle le domaine du «~subjectif~». Déclarer l’existence d’un secteur «~culturel~» revient ainsi à déclarer l’existence d’un objet géographique qui ne le serait pas. C’est s’appuyer implicitement sur les grands clivages fondateurs des sciences sociales au premier rang desquels figurent le couple du subjectif et de l’objectif. La deuxième partie propose d’investir le domaine le plus réservé à la compétence «~culturelle~», celui de l’imaginaire. En s’appuyant notamment sur les écrits de C. Castoriadis, elle développe l’idée selon laquelle le réel est toujours un imaginaire parvenu à s’incarner dans la matière. Ce principe fonde la géographie comme une science sociale de l’espace — une spatiologie~? — qui devrait enfin être en mesure de ne plus douter du contenu théorique minimal qui la distingue~: l’espace est puissamment codifié, symbolisé, pour servir à la construction de nos mondes sociaux.},
  langid = {french},
  file = {/home/marina/Zotero/storage/BND5FXNI/Chivallon - 2008 - L'espace, le réel et l'imaginaire  a-t-on encore .pdf;/home/marina/Zotero/storage/5Y48MED8/revue-annales-de-geographie-2008-2-page-67.html}
}

@book{CHOAYPour2009,
  title = {Pour une anthropologie de l'espace},
  author = {Choay, Françoise},
  date = {2009},
  publisher = {Le Seuil},
  doi = {10.3917/ls.choay.2009.01},
  url = {https://shs.cairn.info/pour-une-anthropologie-de-l-espace--9782020825337?lang=fr},
  urldate = {2024-09-12},
  isbn = {978-2-02-082533-7},
  langid = {french},
  file = {/home/marina/Zotero/storage/7ETIR45T/pour-une-anthropologie-de-l-espace--9782020825337.html}
}

@article{CHRISTINLecriture2020,
  title = {L'écriture et l'image},
  author = {Christin, Anne-Marie},
  date = {2020-11-15},
  journaltitle = {écriture et image},
  number = {1},
  issn = {2780-4208},
  url = {https://ecriture-et-image.fr/index.php/ecriture-image/article/view/21},
  urldate = {2024-08-29},
  issue = {1},
  langid = {french},
  file = {/home/marina/Zotero/storage/8JPKVZXE/Christin - 2020 - L'écriture et l'image.pdf}
}

@article{CLAASJohanna2021,
  title = {Johanna {{Drucker}}, Réaffection de Données},
  author = {Claas, Victor},
  date = {2021},
  journaltitle = {Histoire de l'art},
  number = {87},
  pages = {5--16},
  publisher = {Association des professeurs d'archéologie et d'histoire de l'art des universités – APAHAU [1988-....]},
  url = {https://hal.science/hal-03352544},
  urldate = {2024-09-19},
  file = {/home/marina/Zotero/storage/D3XHXDHB/Bonfait et al. - 2021 - Humanités numériques et histoire de l'art en Franc.pdf}
}

@online{CSTPTMConsortium2024,
  title = {Consortium Projets Time Machine siteWeb},
  author = {CstPTM},
  date = {2024},
  url = {https://ptm.huma-num.fr/},
  urldate = {2024-08-12},
  langid = {french},
  organization = {Projets Time Machine},
  file = {/home/marina/Zotero/storage/6SPSNLMD/ptm.huma-num.fr.html}
}


@online{ENSG-GEOMATIQUEIGNProjet2022,
  title = {Projet {{Alegoria}} : Introduction},
  shorttitle = {Projet {{Alegoria}}},
  editor = {{ENSG-Géomatique IGN}},
  editortype = {director},
  date = {2022-04-15},
  url = {https://www.youtube.com/watch?v=jeCveJg1e5A},
  urldate = {2024-06-11},
  abstract = {Valérie Gouet-Brunet LASTIG - coordinatrice d'Alegoria Le projet ALEGORIA, pour la structuration et valorisation du patrimoine géographique iconographique dématérialisé. Le projet ALEGORIA, récemment arrivé à son terme,  illustre bien la transversalité de l'information géographique : c'est à la fois le support et la matière de la réflexion    La session d'ouverture est centrée sur ALEGORIA  dont l'objectif est de faciliter la valorisation des fonds iconographiques institutionnels anciens du territoire français  (photos aériennes ou terrestres, de 1930 à nos jours) en proposant des outils numériques pour les rassembler, les rendre disponibles et les explorer dans le temps et dans l'espace.    Cet effort de mise en cohérence passe une suite d'étape de traitements précise :  la recherche des fonds, dispersés, hétérogènes, parfois confidentiels et peu documentés,  leur rassemblement et dématérialisation dans un format adéquat qui permette leur indexation et leur enrichissement,  leur  géolocalisation et positionnement précis dans l'espace de façon à «situer» les fonds numérisé, et enfin la conception d'un outil immersif en 3D qui les restitue de façon efficace et agréable, prêtes à être explorées.      Les métiers et les approches mobilisés sont donc variés, à l'image  des partenaires scientifiques (4 laboratoires , STIC et SHS) et institutionnels(3 fournisseurs de contenus : Archives Nationales, Musée Nicéphore Niépce, photothèque de IGN )  réunis par ce projet.   Pour plus d'informations :  https://www.alegoria-project.fr Pour en savoir plus sur la recherche IGN-ENSG :  Le LASTIG est un laboratoire composé de 4 équipes :  ACTE, MEIG, GEOVIZ et STRUDEL   ·         ACTE https://www.umr-lastig.fr/acte/ Acquisition et traitements.   ·         MEIG https://www.umr-lastig.fr/meig/ Médiation et enrichissement de l'information géographique   ·         STRUDEL https://www.umr-lastig.fr/strudel/fr/ Structures spatio-temporelles pour l’analyse des territoires   ·         GEOVIS https://www.umr-lastig.fr/geovis/\#about Géovisualisation, interaction, et immersion   ·         Le LIF https://inventaire-forestier.ign.fr/s... ·         L'IPGP est en fait l'équipe Géodésie de l'IPGP, https://www.ipgp.fr/fr/ggs/geodesie}
}

@online{ESRIDefinition2024,
  title = {Définition de Fond De Carte | Dictionnaire SIG},
  author = {ESRI},
  date = {2024},
  url = {https://support.esri.com/fr-fr/gis-dictionary/basemap},
  urldate = {2024-09-16},
  abstract = {Couche fondamentale sur une carte qui sert de base au contexte visuel et géographique du SIG. Un fond de carte peut inclure des informations de référence d’arrière-plan, telles que les reliefs, les routes, les points de repère et les limites administ},
  langid = {french},
  file = {/home/marina/Zotero/storage/CY55B9FD/basemap.html}
}

@online{GEOCONFLUENCESGeoreferencement2024,
  type = {Terme},
  title = {Géoréférencement},
  author = {Géoconfluences},
  date = {2024},
  publisher = {École normale supérieure de Lyon},
  url = {https://geoconfluences.ens-lyon.fr/glossaire/georeferencement},
  urldate = {2024-08-17},
  abstract = {Le géoréférencement est l'un des principes fondamentaux de la cartographie assistée par ordinateur (CAO) et des systèmes d'information géographique (SIG). On dit d'une carte qu'elle est géoréférencée lorsque les données qu'elle contient comportent toutes, parmi leurs attributs, leurs coordonnées géographiques. Cela permet notamment d'ajuster la carte à la projection choisie, ou de changer d'échelle.  (SD) février 2017. Dernière relecture (SB et CB), octobre 2023.},
  langid = {french},
  organization = {Géoconfluences}
}

@online{GEOCONFLUENCESProjection2022,
  type = {Terme},
  title = {Projection},
  author = {Géoconfluences},
  date = {2022-10},
  publisher = {École normale supérieure de Lyon},
  url = {https://geoconfluences.ens-lyon.fr/glossaire/projection},
  urldate = {2024-05-21},
  abstract = {La projection est un procédé mathématique par laquelle on reporte des points de la surface d’une sphère à la surface d'un plan, et notamment de la Terre sur une carte. Aucune projection ne permet la représentation d’une sphère sur un plan sans déformation. En effet, la sphère comme l’ellipsoïde ne sont pas des surfaces développables (forme géométrique simple capable d’être aplatie, c’est-à-dire découpée puis développée, sans déformation), contrairement à d'autres formes géométriques simples (cylindre, cône, cube, pyramide, géode...).  Quelques projections 	  - Aphylactique~: projection cartographique qui n’est ni conforme, ni équivalente, mais qui cherche à faire un compromis acceptable entre les inévitables déformations des surfaces, des distances et des angles sur une carte. 	  - Azimutale~: projection cartographique de la surface terrestre sur un plan tangent ou sécant. Utile notamment pour la cartographie des pôles, mais aussi pour les cartes à l’échelle d’un continent ou d’une région. 	  - Conforme~: projection qui respecte les angles de route, c’est-à-dire où les méridiens et parallèles se coupent à angle droit et où les lignes de rhumb apparaissent comme des droites sur la carte. Les surfaces et les distances sont cependant déformées. 	  - Conique~:~projection dont la surface développable est un cône, tangent ou sécant à la surface terrestre. Utile notamment pour la représentation des latitudes moyennes (ex~: projection conique de~Lambert, utilisée par l’IGN). 	  - Cylindrique~: projection dont la surface développable est un cylindre, tangent ou sécant à la surface terrestre. Principe très utilisé (Mercator, Gall, Peters, UTM). La projection de Mercator, établie à la fin du XVIe siècle, est la plus utilisée par les navigateurs car elle permet de reporter facilement sa route sur un canevas de méridiens et de parallèles orthogonaux, les parallèles étant positionnés à intervalles croissants à mesure que l’on s’éloigne de l’équateur. Elle a la propriété de figurer les routes catorloxodromiques par des droites qui coupent les méridiens à angles constants~: un pilote n’a ainsi d’autres règles à suivre pour garder sa route que de maintenir un angle constant entre la direction du méridien, déterminée par l’aiguille aimantée (boussole) corrigée de la déclinaison, et le cap fixé au départ. La projection de Mercator entraîne une très importante déformation des surfaces~: le Groenland apparaît aussi grand que l’Afrique, qui est pourtant 15 fois plus vaste. Elle est déconseillée pour tout autre usage que la navigation. La projection de Peters est célèbre pour avoir tenté, dans les années 1970, de donner une image différente des pays du Tiers-Monde que celle véhiculée par la projection de Mercator, qui réduit leur surface. On la reconnaît au fait que les régions intertropicales semblent plus vastes, tandis que les régions polaires sont réduites (à l'exact opposé de Mercator). Les projections de Robinson et de Mollweide, très souvent utilisées dans les manuels scolaires, sont d’autres types de projections cylindriques. 	  - Équidistante~:~projection qui indique les distances réelles à partir du centre de la projection ou bien le long de lignes particulières~; mais surfaces et angles sont déformés. 	  - Équivalente~:~projection qui respecte la surface réelle des territoires, mais au prix d’une déformation des distances et des angles de route sur la carte. 	  - Gnomonique~:~projection dont le point focal se situe au centre de la terre. 	  - Orthographique~:~projection dont le point focal théorique se situe à l’infini, si bien que les lignes de projection sont parallèles entre elles. 	  - Stéréographique~:~projection dont le point focal se situe aux antipodes du point projeté, c’est-à-dire à l’opposé sur la surface terrestre. 	 		 			 			Mercator (cylindrique)  			  			 			 			Plate carrée (cylindrique)  			  			 			 			Orthographique (azimutale)  			  			~  			 		 		 			 			Lambert azimutale équivalente (LAEA)  			  			 			 			Equal earth (pseudo-cylindrique)  			  			 			 			Armadillo  			  			 		 		 			 			Mollweide interrompue (pseudo-cylindrique)  			  			 			 			Mollweide interrompue en 2 hémisphères (pseudo-cylindrique)  			  			 			 			Atlantis (pseudo-cylindrique)  			  			 		 		 			Projections réalisées avec l'application Graticule. 		 	 (SD) Dernières modifications~: (JBB) janvier 2017, (SB et CB) mai 2022.  Pour compléter avec Géoconfluences 	  - Olga V. Alexeeva et Frédéric Lasserre, «~Le concept de troisième pôle~: cartes et représentations polaires de la Chine~»,~Géoconfluences, octobre 2022. Liens externes 	  - Des fonds de carte à télécharger selon les projections~Airocean, Antarctic, Arctic, Bertin1953, Cahillkeyes, Robinson, Winkel-Tripel…~https://visionscarto.net/base-maps 	  - Choisir une projection et centrer la carte sur un pays au choix~: Country Centered Map Projections 	  - World map Generator~: très complet pour essayer un très large choix de projections, permet aussi de déplacer le centre de la projection. Export possible en svg. 	  - Tout savoir sur les projections myriahedrales~:~https://www.win.tue.nl/\textasciitilde vanwijk/myriahedral/CAJ103.pdf 	  - World Map Creator, créer sa carte du monde pour réfléchir aux projections~(mode d’emploi ici~:~http://cartonumerique.blogspot.com/2018/11/worldmapcreator.html) 	  - Comparer les distances ou les superficies des pays en projection Mercator :~https://www.partir.com/carte/des-cartes-pour-comprendre-le-monde.html 	  - Comparer les déformations de plusieurs projections simultanément~:~https://observablehq.com/@fil/synchronized-projections 	  - Retrouver une projection à partir d'une carte avec le logiciel DetectProj :~télécharger le logiciel~|~tutoriel de Clara Dealberto sur Twitter 	  - Beaucoup d'autres projections sur le~blog de recherche~Cartographie(s) numérique(s)~:~Projections cartographiques 	  - Pour fabriquer son fond de carte en choisissant une projection~: Graticule},
  langid = {french},
  organization = {Géoconfluences},
  keywords = {projection},
  file = {/home/marina/Zotero/storage/JWNYG36N/projection.html}
}

@online{GEOCONFLUENCESSemiologie2024,
  type = {Terme},
  title = {Sémiologie graphique},
  author = {Géoconfluences},
  date = {2024-07},
  publisher = {École normale supérieure de Lyon},
  url = {https://geoconfluences.ens-lyon.fr/glossaire/semiologie-graphique},
  urldate = {2024-09-04},
  abstract = {La~sémiologie graphique~est l'ensemble des techniques et méthodes visant à adapter un mode de représentation graphique à l’information représentée en fonction de codes (perceptifs, esthétiques) et de conventions (habitudes culturelles, symbolique du signe). La sémiologie graphique est marquée par les travaux de~Jacques Bertin~(1918–2010) qui utilise le terme « pour désigner les règles de bon usage des signes et symboles de la légende » (Brunet, 1992), et par les réflexions de Roger Brunet sur les chorèmes.~  La sémiologie graphique repose sur l'intégration des apports de la sémiologie (ou~sémiotique, pour une distinction claire entre les deux termes voir Mondada et Racine, p. 242–244.) à la géographie. En effet, comme les autres sciences sociales, la géographie de la seconde moitié du XXe siècle a été fortement influencée par les travaux de Ferdinand de Saussure et de ses héritiers comme Roland Barthes. Dans son~Cours de linguistique générale, Saussure définit la sémiologie comme « sciences qui étudie la vie des signes au sein de la vie sociale », dont la linguistique serait l'une des branches. Plusieurs auteurs insistent sur le fait que les liens entre géographie et sémiotique sont souvent assez lâches et que peu d'auteurs ont vraiment appliqué tous les présupposés de la démarche de la sémiologie à la géographie (Lussault, 2013, p.~909).  La sémiologie graphique fait aujourd’hui essentiellement référence à l’ensemble des codes et conventions propres à la représentation cartographique dans ses différentes formes (cartes thématiques, cartes topographiques, etc.). Ces règles ne sont pas arbitraires ou purement conventionnelles, puisqu’elles trouvent leur raison d’être dans la manière dont la perception d’une représentation influence sa compréhension. Ainsi, il est d’usage d’utiliser des aplats en gamme de couleurs pour représenter une information continue (densités, proportions, pourcentages) et des figurés proportionnels pour représenter des données discontinues (nombre d’habitants, volumes, tonnages…). Faire l’inverse conduit à des erreurs d’interprétation visuelle de l’information représentée.  (La rédaction). Dernière modification~: septembre 2021.  Références citées 	  - Michel Lussault, «~Sémiologie/sémiotique (géographie et)~», in Jacques Lévy et Michel Lussault, 2013,~Dictionnaire de la géographie et de l'espace des sociétés, Belin (2003 pour la 1re édition). 	  - Lorenza Mondada et Jean-Bernard Racine, 1995, « Géographie et sémio-linguistique », in Antoine Bailly, Robert Ferras, Denise Pumain,~Encyclopédie de géographie, Economica~(1992 pour la 1re édition). 	  - Roger Brunet, Robert Ferras, Hervé Théry, 1992,~Les mots de la géographie, dictionnaire critique, Reclus. 	  - Paul Claval, 1974, «~Géographie et sémiologie~»,~L'Espace géographique, n° 2. 	  - Jacques Bertin, 1967,~Sémiologie Graphique. Les diagrammes, les réseaux, les cartes,~2e~édition~: 1973,~3e~édition~: 1999, EHESS, Paris. Pour compléter 	  - Emmanuelle Santoire, «~Réédition de "Comment faire mentir les cartes" de Mark Monmonier~»,~veille de Géoconfluences, 2019. 	  - Jérémie Ory, «~Carte à la une~: les cartes topographiques ont du style~!~», à la une de Géoconfluences, 2017. 	  - Sébastien Bourdin, «~Tous cartographes~: l’exemple de l’"épidémie cartographique" suscitée par la flambée de la maladie à virus Ebola~», Géoconfluences, 2016. 	  - Un poisson d’avril pour faire réfléchir sur les règles de la sémiologie graphique~: «~Les règles officielles de la sémiologie graphique évoluent~», veille de Géoconfluences, 1er avril 2020.},
  langid = {french},
  organization = {Géoconfluences}
}

@article{GRANDJEANIntroduction2015,
  title = {Introduction à la visualisation de données : l'analyse de réseau en histoire},
  shorttitle = {Introduction à la visualisation de données},
  author = {Grandjean, Martin},
  date = {2015},
  journaltitle = {Geschichte und Informatik},
  number = {18/19},
  pages = {109},
  url = {https://shs.hal.science/halshs-01525543},
  urldate = {2024-08-12},
  abstract = {L’utilisation de la visualisation de données en histoire engendre des réactions contradictoires : alors que certains sont fascinés par son potentiel heuristique à en oublier leur sens critique, d’autres rejettent par principe ces pratiques, les suspectant de cacher un vide explicatif. Cet article introduit la distinction entre visualisation de démonstration et visualisation de recherche, rappelant que le chercheur ne doit pas uniquement utiliser la visualisation comme moyen de communication, mais également pour nourrir la recherche elle-même. C’est particulièrement dans sa forme la plus complexe, l’analyse de réseau, que cette catégorie de visualisations de recherche va être discutée.},
  langid = {french},
  file = {/home/marina/Zotero/storage/U3W5YHLE/Grandjean - 2015 - Introduction à la visualisation de données  l'ana.pdf}
}

@article{GRANDJEANvisualisation2022,
  title = {La visualisation de données, entre usages démonstratifs et heuristiques},
  author = {Grandjean, Martin},
  date = {2022},
  journaltitle = {Editions de la Maison des sciences de l'homme},
  pages = {pp. 199-217},
  langid = {french},
  file = {/home/marina/Zotero/storage/SR6VAJVY/Grandjean - La visualisation de données, entre usages démonstr.pdf}
}

@article{HANCOCKDecoloniser2008,
  title = {Décoloniser les représentations~: esquisse d'une géographie culturelle de nos «~Autres~»},
  shorttitle = {Décoloniser les représentations},
  author = {Hancock, Claire},
  date = {2008},
  journaltitle = {Annales de géographie},
  shortjournal = {Annales de géographie},
  volume = {660--661},
  number = {2-3},
  pages = {116--128},
  publisher = {Armand Colin},
  location = {Paris},
  issn = {0003-4010},
  doi = {10.3917/ag.660.0116},
  url = {https://www.cairn.info/revue-annales-de-geographie-2008-2-3-page-116.htm},
  urldate = {2024-05-21},
  abstract = {Cet article propose d’appliquer les méthodes et axes de réflexion de la géographie culturelle (analyse des discours et représentations, attention à la formation discursive d’identités socio-spatiales) à certains des enjeux de notre société post-coloniale, et notamment aux identités et territorialités contraintes qu’elle octroie aux populations dites «~issues de l’immigration~». Il suggère également de reposer «~au féminin~» certaines des interrogations sur ces identités.},
  langid = {french},
  file = {/home/marina/Zotero/storage/UYP3CYXY/revue-annales-de-geographie-2008-2-page-116.html}
}

@article{JOLIVEAUgeographie2010,
  title = {La Géographie et La Géomatique Au Crible de La Néogéographie},
  author = {Joliveau, Thierry},
  date = {2010-11-30},
  journaltitle = {Tracés},
  shortjournal = {traces},
  pages = {227--239},
  issn = {1763-0061, 1963-1812},
  doi = {10.4000/traces.4847},
  url = {http://journals.openedition.org/traces/4847},
  urldate = {2024-05-21},
  issue = {\#10},
  file = {/home/marina/Zotero/storage/DYECLRW9/Joliveau - 2010 - La géographie et la géomatique au crible de la néo.pdf}
}

@article{JOLIVEAUgeoweb2011,
  title = {Le Géoweb, Un Nouveau Défi Pour Les Bases de Données Géographiques:},
  shorttitle = {Le Géoweb, Un Nouveau Défi Pour Les Bases de Données Géographiques},
  author = {Joliveau, Thierry},
  date = {2011-05-01},
  journaltitle = {L’Espace géographique},
  volume = {Tome 40},
  number = {2},
  pages = {154--163},
  issn = {0046-2497},
  doi = {10.3917/eg.402.0154},
  url = {https://www.cairn.info/revue-espace-geographique-2011-2-page-154.htm?ref=doi},
  urldate = {2024-09-04},
  abstract = {Résumé Les bases de données géospatiales ont profondément évolué au cours du temps avec les systèmes d’information géographique, Internet puis les portails cartographiques. Le géoweb, qui se caractérise par une indexation géographique de plus en plus systématique du Web, est une nouvelle étape. Il a bouleversé l’écosystème technique professionnel et donné naissance à des usages intenses de données géospatiales de la part d’un public diversifié. L’apparition de pratiques amateurs, phénomène appelée «néogéographie», et le développement de la géolocalisation conduisent à la production de volumes colossaux de nouvelles données dont la gestion, l’analyse et l’interprétation vont poser des problèmes inédits de méthodologie et d’éthique.},
  file = {/home/marina/Zotero/storage/7KY36ERK/Joliveau - 2011 - Le géoweb, un nouveau défi pour les bases de donné.pdf}
}

@book{LAGNELManuel2021,
  title = {Manuel de datavisualisation},
  author = {Lagnel, Jean-Marie},
  date = {2021},
  publisher = {Dunod},
  location = {Paris},
  url = {https://www.dunod.com/sciences-techniques/manuel-datavisualisation-methodes-cas-pratiques-0},
  urldate = {2024-09-15},
  abstract = {La datavisualisation est l’art de représenter des données, parfois complexes, sous formes graphiques pour les rendre plus claires et lisibles. Elle est largement utilisée par les médias et les entreprises pour optimiser leur communication, interne...},
  langid = {french},
  file = {/home/marina/Zotero/storage/Y4ECLXII/manuel-datavisualisation-methodes-cas-pratiques-0.html}
}

@article{LAMBERTboite2016,
  title = {La boîte à outils du cartographe},
  author = {Lambert, Nicolas and Zanin, Christine},
  date = {2016},
  journaltitle = {Cursus},
  pages = {203--208},
  publisher = {Armand Colin},
  url = {https://shs-cairn-info.proxy.chartes.psl.eu/manuel-de-cartographie--9782200612856-page-203?lang=fr&tab=texte-integral},
  urldate = {2024-09-18},
  langid = {french},
  file = {/home/marina/Zotero/storage/577H2TKW/manuel-de-cartographie--9782200612856-page-203.html}
}

@article{LAMBERTBreve2016,
  title = {Brève histoire de la cartographie},
  author = {Lambert, Nicolas and Zanin, Christine},
  date = {2016},
  journaltitle = {Cursus},
  pages = {17--21},
  publisher = {Armand Colin},
  url = {https://shs-cairn-info.proxy.chartes.psl.eu/manuel-de-cartographie--9782200612856-page-17?lang=fr&tab=texte-integral},
  urldate = {2024-09-16},
  langid = {french},
  file = {/home/marina/Zotero/storage/RBGNGZKC/manuel-de-cartographie--9782200612856-page-17.html}
}

@book{LAMBERTManuel2016,
  title = {Manuel de cartographie. Principes, méthodes, applications},
  author = {Lambert, Nicolas and Zanin, Christine},
  date = {2016},
  publisher = {Armand Colin},
  doi = {10.3917/arco.mbert.2016.01},
  url = {https://shs-cairn-info.proxy.chartes.psl.eu/manuel-de-cartographie--9782200612856?lang=fr},
  urldate = {2024-09-16},
  langid = {french},
  file = {/home/marina/Zotero/storage/85KCLSBL/manuel-de-cartographie--9782200612856.html}
}

@article{LEFEBVREproduction1974,
  title = {La production de l'espace},
  author = {Lefebvre, Henri},
  date = {1974},
  journaltitle = {L'Homme et la société},
  volume = {31},
  number = {1},
  pages = {15--32},
  publisher = {Editions L'Harmattan},
  doi = {10.3406/homso.1974.1855},
  url = {https://www.persee.fr/doc/homso_0018-4306_1974_num_31_1_1855},
  urldate = {2024-09-12},
  langid = {fre}
}

@book{MASUREDesign2017,
  title = {Design et humanités numériques},
  author = {Masure, Anthony},
  date = {2017},
  edition = {Editions B42},
  location = {Rennes},
  abstract = {En étudiant des opérations et des systèmes techniques potentiellement ouverts à la recherche, cet essai interroge le rapport du design aux «~humanités numériques~» (digital humanities) qui se développent, dans le contexte francophone, depuis le milieu des années 2000. En quoi les environnements numériques contemporains actualisent-ils les modes de production et…},
  langid = {french},
  file = {/home/marina/Zotero/storage/6EW7G2AE/design-et-humanites-numeriques.html}
}

@book{POIDEVINCarte1999,
  title = {La {{Carte}}, Moyen d'action : Conception, Réalisation},
  author = {Poidevin, Didier},
  date = {1999},
  edition = {Ellipses},
  file = {/home/marina/Zotero/storage/L722FYXH/manuel-cartographie.pdf}
}

@online{RAGOTchercheurs2024,
  title = {Des chercheurs parviennent à synchroniser des cartes des guerres napoléoniennes avec des cartes modernes},
  author = {Ragot, Mathilde},
  date = {2024-07-12T13:27:00+02:00},
  url = {https://www.geo.fr/histoire/des-chercheurs-parviennent-a-synchroniser-des-cartes-des-guerres-napoleoniennes-avec-des-cartes-modernes-221187?utm_source=pocket-newtab-fr-fr},
  urldate = {2024-07-15},
  abstract = {La plateforme Arcanum Maps permet de comparer des cartes parfois vieilles de plusieurs centaines d'ann\&eacute;es avec des cartes actuelles de l'Europe, r\&eacute;v\&eacute;lant les transformations de...},
  langid = {french},
  organization = {Geo.fr},
  file = {/home/marina/Zotero/storage/A858WE7J/des-chercheurs-parviennent-a-synchroniser-des-cartes-des-guerres-napoleoniennes-avec-des-cartes.html}
}

@article{TIMARWeb2024,
  title = {Web {{Publication}} of {{Schmitt}}’s {{Map}} of {{Southern Germany}} (1797)—{{The Projection}} of the {{Map Based}} on {{Archival Documents}} and {{Geospatial Analysis}}},
  author = {Timár, Gábor and Kiss, Eszter},
  date = {2024-06},
  journaltitle = {ISPRS International Journal of Geo-Information},
  volume = {13},
  number = {6},
  pages = {207},
  publisher = {Multidisciplinary Digital Publishing Institute},
  issn = {2220-9964},
  doi = {10.3390/ijgi13060207},
  url = {https://www.mdpi.com/2220-9964/13/6/207},
  urldate = {2024-07-15},
  abstract = {This work shows the original projection of a 1:57,600 scale map of southern Germany at the end of the 18th century, produced under the direction of Karl-Heinrich von Schmitt (1743–1805). The sections of the map were scanned and georeferenced as part of the MAPIRE project, and the results are publicly available. In the present work, we use contemporary documents, in particular the books of César-Francois Cassini de Thury and manuscript sketches of the map found in the Military Archive of Vienna, to show that the overall projection of the map is identical to that used in Cassini’s survey of France (first half of the 18th century). In the archive, we managed to find the overview sheet on which—in addition to the Paris Cassini coordinate system—the section grid of the Schmitt map was also constructed. This sketch served as the basis for the compilation and copying work, wherein the existing map works and survey sketches were inserted into 197 sections of the Schmitt map. Thus, the map coordinate system can be modeled in GIS systems using the Cassini (or Cassini-Soldner) projection, with the Paris Observatory as the projection origin. The georeferencing accuracy of using the pure Cassini projection is around 1–1.3 km (at the extremes, around 5 km), which is much more inaccurate than the one used in later topographic surveys. It is considered a combined result of the compilation of the different maps, presumably surveyed by graphic triangulation with measuring tables.},
  issue = {6},
  langid = {english},
  keywords = {georeference,Germany,historical cartography,map projection analysis,Schmitt’sche Karte},
  file = {/home/marina/Zotero/storage/XJCSY9I4/Timár et Kiss - 2024 - Web Publication of Schmitt’s Map of Southern Germa.pdf}
}

@online{WINDHAGERVisualizing2018,
  title = {Visualizing {{Uncertainty}} in {{Cultural Heritage Collections}}},
  author = {Windhager, Florian and Filipov, Velitchko Andreev and Salisu, Saminu and Mayr, Eva},
  date = {2018},
  volume = {Verification},
  eprinttype = {The Eurographics Association},
  pages = {5 pages},
  doi = {10.2312/EURORV3.20181142},
  url = {https://diglib.eg.org/handle/10.2312/eurorv320181142},
  urldate = {2024-09-04},
  abstract = {Visualizations of cultural heritage collections play an increasing role in supporting the sensemaking processes of visitors and researchers. While many visualization systems provide overview and exploration options for non-expert audiences or casual users, others support the in-depth analysis of collection experts like curators or art historians. These visualizations often rely on object metadata, which have been generated from historical catalogs or textual sources, each with their own standards of precision, certainty, and data quality. To make these levels of data quality transparent, the visualization of uncertainty poses a vital challenge for interfaces across the board. We introduce the PolyCube system as a visualization framework which provides four different perspectives on the geo-temporal origins of cultural collection data, including coordinated multiple views, animation, color coding, and a space-time cube representation. With specific regard to this multi-perspective framework we develop options to visualize spatio-temporal uncertainty and discuss ways and means of their coherent implementation.},
  isbn = {9783038680666},
  langid = {english},
  organization = {EuroVis Workshop on Reproducibility},
  pubstate = {prepublished},
  keywords = {[Human,centered computing],Information visualization,Visual analytics,Visualization toolkits},
  file = {/home/marina/Zotero/storage/N8JWMBHS/Windhager et al. - 2018 - Visualizing Uncertainty in Cultural Heritage Colle.pdf}
}

@book{ZOHARGeographic2022,
  title = {Geographic {{Information Science}} ({{GIScience}}) and {{Geospatial Approaches}} for the {{Analysis}} of {{Historical Visual Sources}} and {{Cartographic Material}}},
  editor = {Zohar, Motti},
  date = {2022-05-18},
  publisher = {MDPI},
  doi = {10.3390/books978-3-0365-4123-5},
  url = {https://www.mdpi.com/books/pdfview/book/5491},
  urldate = {2024-06-12},
  isbn = {978-3-0365-4123-5 978-3-0365-4124-2},
  langid = {english},
  file = {/home/marina/Zotero/storage/7KQNRRIM/Zohar - 2022 - Geographic Information Science (GIScience) and Geo.pdf}
}

@book{ZWERCartographie2022,
  title = {Cartographie Radicale - {{Nepthys Zwer}}, {{Philippe Rekacewicz}} - {{Éditions La Découverte}}},
  author = {Zwer, Nepthys and Rekacewicz, Philippe},
  date = {2022},
  publisher = {Éditions La Découverte},
  url = {https://www.editionsladecouverte.fr/cartographie_radicale-9782373680539},
  urldate = {2024-05-13},
  file = {/home/marina/Zotero/storage/Y8HRRHLU/cartographie_radicale-9782373680539.html}
}
