@article{ALTETLetude2023,
  title = {L’étude de l’art comme discipline historique},
  author = {family=Altet, given=Xavier Barral, prefix=i, useprefix=false},
  date = {2023-04-19},
  journaltitle = {Que sais-je ?},
  volume = {10},
  pages = {7--24},
  publisher = {Presses Universitaires de France},
  issn = {0768-0066},
  url = {https://shs-cairn-info.proxy.chartes.psl.eu/histoire-de-l-art--9782715416314-page-7?lang=fr&tab=texte-integral},
  urldate = {2024-09-04},
  isbn = {9782715416314},
  langid = {french},
  file = {/home/marina/Zotero/storage/S6FJ4M4H/histoire-de-l-art--9782715416314-page-7.html}
}

@article{BADULESCUpublics2023,
  title = {Les publics des musées et institutions culturelles à l’ère du numérique},
  author = {Badulescu, Cristina and family=Bideran, given=Jessica, prefix=de, useprefix=false},
  date = {2023-12-01},
  journaltitle = {Revue française des sciences de l’information et de la communication},
  number = {27},
  publisher = {Société Française de Sciences de l’Information et de la Communication},
  issn = {2263-0856},
  doi = {10.4000/rfsic.14721},
  url = {https://journals.openedition.org/rfsic/14721#tocto1n3},
  urldate = {2024-09-04},
  abstract = {L’étude des publics de la culture, terme protéiforme traduisant la pluralité des phénomènes étudiés ainsi que la diversité des méthodologies mobilisées, regroupent l’ensemble des travaux portant sur la réception des expériences culturelles. À cet égard, les réflexions développées par Frédéric Gimello-Mesplomb (2015) placent les études de publics à la croisée des Sciences Humaines et Sociales (SHS) et proposent différentes approches~: l’études des collectifs d’individus ou de communautés et le...},
  issue = {27},
  langid = {french}
}

@article{BERMEStechnologies2013,
  title = {Les technologies du web appliquées aux données structurées},
  author = {Bermès, Emmanuelle and Poupeau, Gautier},
  date = {2013},
  langid = {french},
  file = {/home/marina/Zotero/storage/3D9H3A2Z/Bermès et Poupeau - Les technologies du web appliquées aux données str.pdf}
}

@article{BESSEApproches2010,
  title = {Approches spatiales dans l'histoire des sciences et des arts},
  author = {Besse, Jean-Marc},
  date = {2010-09-13},
  journaltitle = {L’Espace géographique},
  volume = {39},
  number = {3},
  pages = {211--224},
  publisher = {Belin},
  issn = {0046-2497},
  doi = {10.3917/eg.393.0211},
  url = {https://shs.cairn.info/revue-espace-geographique-2010-3-page-211?lang=fr&tab=resume},
  urldate = {2024-09-04},
  langid = {french}
}

@article{BRANDOIntroduction2021,
  title = {Introduction. {{Humanités}} Numériques et Analyses Spatiales : Enjeux et Perspectives},
  shorttitle = {Introduction. {{Humanités}} Numériques et Analyses Spatiales},
  author = {Brando, Carmen and Frontini, Francesca and Moreau, Dominic and Roche, Mathieu and Masson, Eric},
  date = {2021-05},
  journaltitle = {Humanités numériques},
  volume = {3},
  publisher = {Bruxelles: Humanistica},
  doi = {10.4000/revuehn.2038},
  url = {https://hal.science/hal-04239422},
  urldate = {2024-09-05},
  abstract = {This paper provides an introduction to the contributions presented in this thematic issue dedicated to the spatial humanities. Three main themes are addressed: (1) the processing of spatial information in textual corpora resulting from work in the human and social sciences, mainly in literary studies; (2) problems of acquisition, spatialisation and dissemination of geographical data of the past and from cultural heritage, thus, here, more connected with research in history; (3) spatial information and its processing and uses in archaeology. For each of these topics, we present the founding initiatives with historiographical elements, a brief status quaestionis and a synthesis of the contributions.},
  keywords = {Analyse textuelle,archaeology,Archéologie,Cartographie,geographic information system,Histoire,history,Humanités numériques spatialisées,spatial digital humanities,Système d'information géographique,textual analysis},
  file = {/home/marina/Zotero/storage/YR4V4AGA/Brando et al. - 2021 - Introduction. Humanités numériques et analyses spa.pdf;/home/marina/Zotero/storage/EZPDV6L4/hal-03649322.html}
}

@article{CLAASJohanna2021a,
  title = {Johanna {{Drucker}}, Réaffection Des Données},
  author = {Claas, Victor},
  date = {2021},
  journaltitle = {Histoire de l'art},
  number = {87},
  pages = {5--16},
  publisher = {Association des professeurs d'archéologie et d'histoire de l'art des universités – APAHAU [1988-....]},
  url = {https://hal.science/hal-03352544},
  urldate = {2024-09-19},
  file = {/home/marina/Zotero/storage/D3XHXDHB/Bonfait et al. - 2021 - Humanités numériques et histoire de l'art en Franc.pdf}
}


@article{CLAVALgeographie2008,
  title = {La géographie culturelle dans les pays anglophones},
  author = {Claval, Paul},
  date = {2008},
  journaltitle = {Annales de géographie},
  shortjournal = {Annales de géographie},
  volume = {660--661},
  number = {2-3},
  pages = {8--26},
  publisher = {Armand Colin},
  location = {Paris},
  issn = {0003-4010},
  doi = {10.3917/ag.660.0008},
  url = {https://www.cairn.info/revue-annales-de-geographie-2008-2-3-page-8.htm},
  urldate = {2024-05-21},
  abstract = {Les perspectives anglo-saxonnes sur la géographie culturelle changent rapidement. Une révolte contre la géographie de Sauer se produit aux alentours de 1980. Elle s’inspire de la critique littéraire et des Cultural Studies britanniques comme de l’anthropologie américaine. Ces remises en cause donnent une dimension plus critique à l’approche culturelle en géographie. L’attention accordée aux femmes, aux jeunes, aux minorités s’accroît. Les échelles se modifient~: la place du local et du domestique s’affirme. La dimension historique est réintroduite par le courant postcolonial, en même temps que le postmodernisme insiste sur les faiblesses et contradictions inhérentes à l’idée même de science. La géographie se rapproche des humanités, puisqu’elle traite comme elles d’une matière première faite de mots, de discours et d’images. On en vient à parler du tournant culturel de la discipline.},
  langid = {french},
  file = {/home/marina/Zotero/storage/YSVWK7YZ/Claval - 2008 - La géographie culturelle dans les pays anglophones.pdf;/home/marina/Zotero/storage/FMVMWAFS/revue-annales-de-geographie-2008-2-page-8.html}
}

@article{BONFAITHumanites2021a,
  title = {Humanités Numériques et Histoire de l'art En {{France}} : État de La Recherche et Perspectives},
  shorttitle = {Humanités Numériques et Histoire de l'art En {{France}}},
  author = {Bonfait, Olivier and Courtin, Antoine and Klammt, Anne},
  date = {2021},
  journaltitle = {Histoire de l'art},
  number = {87},
  pages = {5--16},
  publisher = {Association des professeurs d'archéologie et d'histoire de l'art des universités – APAHAU [1988-....]},
  url = {https://hal.science/hal-03352544},
  urldate = {2024-09-19},
  file = {/home/marina/Zotero/storage/D3XHXDHB/Bonfait et al. - 2021 - Humanités numériques et histoire de l'art en Franc.pdf}
}


@article{CLAVALOu2008,
  title = {Où en est la géographie culturelle~?~. Introduction},
  shorttitle = {Où en est la géographie culturelle~?},
  author = {Claval, Paul and Staszak, Jean-François},
  date = {2008},
  journaltitle = {Annales de géographie},
  shortjournal = {Annales de géographie},
  volume = {660--661},
  number = {2-3},
  pages = {3--7},
  publisher = {Armand Colin},
  location = {Paris},
  issn = {0003-4010},
  doi = {10.3917/ag.660.0003},
  url = {https://www.cairn.info/revue-annales-de-geographie-2008-2-3-page-3.htm},
  urldate = {2024-05-21},
  langid = {french},
  file = {/home/marina/Zotero/storage/KNV9ZMBM/Claval et Staszak - 2008 - Où en est la géographie culturelle  . Introductio.pdf;/home/marina/Zotero/storage/D74WD2MR/revue-annales-de-geographie-2008-2-page-3.html}
}

@article{COSGROVECultural2008,
  title = {Cultural cartography~: maps and mapping in cultural geography},
  shorttitle = {Cultural cartography},
  author = {Cosgrove, Denis},
  date = {2008},
  journaltitle = {Annales de géographie},
  shortjournal = {Annales de géographie},
  volume = {660--661},
  number = {2-3},
  pages = {159--178},
  publisher = {Armand Colin},
  location = {Paris},
  issn = {0003-4010},
  doi = {10.3917/ag.660.0159},
  url = {https://www.cairn.info/revue-annales-de-geographie-2008-2-3-page-159.htm},
  urldate = {2024-05-21},
  abstract = {Les cartes et la cartographie en géographie culturelle Au cours des trois dernières décennies, des tournants importants se sont produits tant dans la pratique cartographique que dans les théories qui la concernent, et qui ont transformé le rôle de la cartographie en géographie, alors même que la fabrication des cartes faisait l’objet d’études qui font ressortir les liens actuels existant entre la géographie culturelle et différentes pratiques artistiques. Le présent essai se penche sur ces développements en portant une attention particulière au cas anglophone. La critique de la prétention scientifique de la cartographique et l’approche historique révisionniste de l’art seront d’abord discutées, suivront des remarques sur les relations changeantes entre la géographie et la cartographie, ainsi que sur l’impact des nouvelles technologies sur la fabrication et l’usage des cartes comme on peut s’en rendre compte par la généralisation des cartographies virtuelles. La dimension artistique de la recherche et de la documentation sur les questions spatiales et environnementales qui ont recours à ces nouvelles cartographies, est replacée dans son contexte historique et est mise en relation avec les changements survenus récemment dans les pratiques géographiques.},
  langid = {french},
  file = {/home/marina/Zotero/storage/JIRD4NBF/revue-annales-de-geographie-2008-2-page-159.html}
}

@article{URLBERGERLimage2023,
  title = {L'image et son espace - Le Bildraum de Walter Benjamin},
  author = {Urlberger, Andrea},
  date = {2023-02-16},
  journaltitle = {Les Cahiers thématiques : architecture et paysage, conception, territoire, histoire},
  number = {21},
  pages = {41},
  url = {https://hal.science/hal-04318417},
  urldate = {2024-09-19},
  abstract = {Andrea Urlberger L'espace et son image-le Bildraum de Walter Benjamin Résumé Dans un article paru en 1929 sur le Surréalisme, Walter Benjamin crée un néologisme Bildraum, image-espace. En même temps, son collègue et ami, le sociologue et architecte Siegfried Kracauer, aborde dans ses travaux les liens entre l'image et l'espace, entre la ville moderne et le film. Ces deux penseurs de la modernité, proche de l'école de Francfort, comprennent que les images techniques, photographie et film, doivent être repensées dans leur rapport spatial. Le Bildraum, dont la traduction en français n'est pas simple, disparaît assez rapidement des textes de Benjamin, tout en irriguant ses travaux. Ses écrits, de Rue à sens unique à Une Enfance berlinoise en passant par Paris, capitale du XIX e siècle s'intéressent, entre autres, à ces liens complexes qu'on ressent aujourd'hui, démultipliés par la déferlante visuelle du numérique. En sortant l'image de sa posture contemplative, Benjamin et Kracauer la rendent active, suggérant que son rôle dépasse la simple représentation du réel. La connaissance spatiale de chaque être humain s'étend bien au-delà de l'expérience physique qu'il en fait. Les représentations, sous forme de récits, mais aussi de peintures, de dessins ou de gravures contribuent depuis longtemps à former la perception que chacun a du monde, ses territoires, ses villes et ses paysages. Dès l'invention de la photographie vers 1829 et suite à sa démocratisation assez rapide, ces images, en raison de leur reproductibilité technique, renforcent leur place dans l'environnement humain. Cette omniprésence des images de toutes sortes touche bien entendu aussi l'architecture, la ville et le paysage. Diffusée par des revues, des livres, des journaux, des affiches et depuis une dizaine d'années sur des réseaux sociaux numériques comme Instagram, la photographie forme une base de données importante pour l'architecture mondiale. Sous forme de documentaires filmés, mais aussi de fictions, l'image en mouvement s'ajoute à cette déferlante visuelle. Pour autant, dans le monde de l'architecture, ce rôle important, voire central, de l'image, est souvent écarté, car tout en contemplant une photographie, il est pourtant d'abord question d'une architecture et non de l'image d'une architecture ou d'une ville et non de l'image d'une ville. Une confusion qui peut poser problème, vu qu'une image reste une image, ne donnant que des indices du réel. Cette situation s'avère d'autant plus complexe, car ce sont très souvent les images d'architecture qui influencent sa réception, provoquant l'admiration, la compréhension, l'inspiration ou le rejet, participant parfois même à transformer une architecture en icône. Quelle est alors la nature de l'articulation entre images et espaces et comment fonctionne-t-elle ? S'agit-il seulement d'une réalité et sa représentation ? Quelle est la place de l'image dans l'espace construit, sa conception et sa réception et quels échanges peuvent surgir entre la tridimensionnalité de l'architecture et la bidimensionnalité des images ? Ce décalage entre une expérience du réel et l'expérience d'une image est traité par de nombreux artistes et d'oeuvres d'art, soulignant la difficulté à établir un lien complètement cohérent entre le réel et ses représentations. L'image, une peinture, une sculpture ou une photographie, est-elle l'empreinte du réel, son indice ou tout à fait autre chose ? Cette complexité est soulevée de façon},
  langid = {french},
  file = {/home/marina/Zotero/storage/GLGUGXBG/Urlberger - 2023 - L'image et son espace - Le Bildraum de Walter Benj.pdf}
}

@article{DELMAS-GLASSHumanites2021,
  title = {Humanités Numériques et Collections Culturelles : Enjeux et Défis},
  author = {Delmas-Glass, Emmanuelle and Chanas, Céline and Renoux, Anne-Myrtille and Robineau, Régis and Thompson-Odlum, Marenka},
  date = {2021},
  journaltitle = {Histoire de l'art},
  number = {87},
  pages = {5--16},
  publisher = {Association des professeurs d'archéologie et d'histoire de l'art des universités – APAHAU [1988-....]},
  url = {https://hal.science/hal-03352544},
  urldate = {2024-09-19},
  file = {/home/marina/Zotero/storage/D3XHXDHB/Bonfait et al. - 2021 - Humanités numériques et histoire de l'art en Franc.pdf}
}

@online{DHIPARISRegistration2024,
  type = {Billet},
  title = {Registration now open for the conference “Revolutionary, Disruptive, or Just Repeating Itself? Tracing the History of Digital History” \#dhiha9},
  shorttitle = {Registration now open for the conference “Revolutionary, Disruptive, or Just Repeating Itself?},
  author = {{dhiparis}},
  date = {2024-08-09},
  issn = {2262-5852},
  doi = {10.58079/125pm},
  url = {https://dhdhi.hypotheses.org/9978},
  urldate = {2024-09-04},
  abstract = {Date: October 23-25, 2024 Place: German Historical Institute Paris/Deutsches Historisches Institut Paris (DHIP), 8, rue du Parc-Royal, 75003 Paris http://www.dhi-paris.fr Organised by: Mareike König (DHIP), Julianne Nyhan (TU Darmstadt/University College London), Sébastien Poublanc (CNRS,...},
  langid = {ngerman},
  organization = {Digital Humanities am DHIP},
  file = {/home/marina/Zotero/storage/FAG6F6L4/9978.html}
}

@article{DOMINICLARAMEEtournants2017,
  title = {Les tournants géographiques, le numérique et la pratique historienne},
  author = {Dominic Laramée, François},
  date = {2017},
  journaltitle = {Cahiers d'histoire},
  shortjournal = {histoire},
  volume = {35},
  number = {1},
  pages = {149--173},
  publisher = {Cahiers d'histoire},
  issn = {0712-2330, 1929-610X},
  doi = {10.7202/1041623ar},
  url = {https://www.erudit.org/fr/revues/histoire/2017-v35-n1-histoire03233/1041623ar/},
  urldate = {2024-09-01},
  abstract = {Les différentes facettes du tournant géographique initié par les disciples du philosophe Henri Lefebvre ont balayé l’ensemble des sciences humaines et sociales au cours des 30 ou 40 dernières années. Cet essai historiographique présente les précurseurs des tournants géographiques, leurs origines théoriques, les champs de recherche historiques dans lesquels ils se sont montrés particulièrement féconds, l’émergence récente des humanités spatiales qui combinent la sensibilité géographique avec les techniques d’analyse des humanités numériques, et quelques leçons à tirer de leurs enseignements.},
  langid = {french},
  file = {/home/marina/Zotero/storage/D5BSDYMD/Dominic Laramée - 2017 - Les tournants géographiques, le numérique et la pr.pdf;/home/marina/Zotero/storage/B5XL8P2P/1041623ar.html}
}

@book{DRUCKERVisualisation2020,
  title = {Visualisation. {{L}}'interprétation Modélisante.},
  author = {Drucker, Johanna},
  date = {2020},
  edition = {B42},
  number = {n°124},
  location = {Rennes}
}

@thesis{DUMENIEUsysteme2015,
  type = {phdthesis},
  title = {Un système d'information géographique pour le suivi d'objets historiques urbains à travers l'espace et le temps},
  author = {Dumenieu, Bertrand},
  date = {2015-12-04},
  institution = {École des Hautes Études en Sciences Sociales},
  url = {https://theses.hal.science/tel-03262391},
  urldate = {2024-05-13},
  abstract = {Les systèmes d'information géographiques (SIG) sont aujourd'hui fréquemment utilisés en sciences sociales et notamment en histoire pour leurs capacités de visualisation, de partage et de stockage de données historiques spatialisées. Ils ouvrent ainsi aux chercheurs en histoire des perspectives de croisement d'informations et d'analyse à grande échelle, non seulement de l'évolution de phénomènes spatialisés, mais aussi des interactions entre ces phénomènes et les transformations de l'espace. La représentation d'un espace en transformation au sein d'un SIG implique notamment la création et la manipulation de données spatio-temporelles.Créées à partir des sources d'informations sur l'espace ancien disponibles, celles-ci sont généralement hétérogènes et imparfaites. Les SIG existants ne permettent pas de modéliser et d'intégrer aisément des données hétérogènes et imparfaites au sein de bases de données spatio-temporelles.Cette intégration est l'objectif de ce travail de thèse. Nous proposons une approche d'intégration de données géographiques hétérogènes et imparfaites sur l'espace urbain ancien au sein d'un modèle de données spatio-temporelles permettant l'analyse des transformations de cet espace. Ces données sont saisies à partir de plans topographiques. Au travers de plusieurs étapes, allant de l'analyse des sources cartographiques utilisées à un processus semi-automatique d'intégration de données spatio-temporelles, nous proposons une approche générique permettant d'instancier une base de données spatio-temporelles à partir de cartes historiques. Celle-ci est finalement appliquée à la création d'une base de données sur le réseau des rues de Paris des XVIIIe et XIXe siècles à partir de plans topographiques de la capitale.},
  langid = {french},
  file = {/home/marina/Zotero/storage/HPD3NNHA/Dumenieu - 2015 - Un système d'information géographique pour le suiv.pdf}
}

@book{FLANDERSShape2018,
  title = {The {{Shape}} of {{Data}} in {{Digital Humanities}}: {{Modeling Texts}} and {{Text-based Resources}}},
  shorttitle = {The {{Shape}} of {{Data}} in {{Digital Humanities}}},
  editor = {Flanders, Julia and Jannidis, Fotis},
  date = {2018-05-31},
  publisher = {Routledge},
  location = {London},
  doi = {10.4324/9781315552941},
  abstract = {Data and its technologies now play a large and growing role in humanities research and teaching. This book addresses the needs of humanities scholars who seek deeper expertise in the area of data modeling and representation. The authors, all experts in digital humanities, offer a clear explanation of key technical principles, a grounded discussion of case studies, and an exploration of important theoretical concerns. The book opens with an orientation, giving the reader a history of data modeling in the humanities and a grounding in the technical concepts necessary to understand and engage with the second part of the book. The second part of the book is a wide-ranging exploration of topics central for a deeper understanding of data modeling in digital humanities. Chapters cover data modeling standards and the role they play in shaping digital humanities practice, traditional forms of modeling in the humanities and how they have been transformed by digital approaches, ontologies which seek to anchor meaning in digital humanities resources, and how data models inhabit the other analytical tools used in digital humanities research. It concludes with a glossary chapter that explains specific terms and concepts for data modeling in the digital humanities context. This book is a unique and invaluable resource for teaching and practising data modeling in a digital humanities context.},
  isbn = {978-1-315-55294-1},
  pagetotal = {360},
  file = {/home/marina/Zotero/storage/Y9NNLMAZ/Flanders et Jannidis - 2018 - The Shape of Data in Digital Humanities Modeling .pdf}
}

@article{GRESILLONVille2008,
  title = {Ville et création artistique. Pour une autre approche de la géographie culturelle},
  author = {Grésillon, Boris},
  date = {2008},
  journaltitle = {Annales de géographie},
  shortjournal = {Annales de géographie},
  volume = {660--661},
  number = {2-3},
  pages = {179--198},
  publisher = {Armand Colin},
  location = {Paris},
  issn = {0003-4010},
  doi = {10.3917/ag.660.0179},
  url = {https://www.cairn.info/revue-annales-de-geographie-2008-2-3-page-179.htm},
  urldate = {2024-05-21},
  abstract = {Dans le vaste champ des études de géographie culturelle, la création artistique et les lieux de culture n’ont, jusqu’à maintenant, que peu retenu l’attention des géographes. Cela s’explique en partie par l’acception très large du vocable «~culture~» communément retenue par les tenants de l’école de géographie culturelle française. Cependant, les artistes s’avèrent non seulement des acteurs à part entière de l’organisme urbain, mais surtout, leur regard sur la ville éclaire celui du géographe. Par ailleurs, l’éclosion récente de «~nouveaux territoires de l’art~» dans des lieux inattendus — friches industrielles, entrepôts abandonnés, terrains militaires délaissés, etc. —, souvent localisés en situation péricentrale dans les agglomérations, incite à prendre en considération ces «~objets culturels non identifiés~»~: catalyseurs de développement local, vecteurs de requalification urbaine, ils entretiennent avec leur quartier d’appartenance des rapports ambigus et suscitent l’attention des pouvoirs publics. La présente contribution ne poursuit pas seulement pour but de réhabiliter les lieux de culture en tant qu’objet géographique. Elle a également pour ambition de proposer une autre approche de la géographie dite culturelle, au moment où celle-ci s’interroge sur son objet et sur son avenir.},
  langid = {french},
  file = {/home/marina/Zotero/storage/65WR2HYY/Grésillon - 2008 - Ville et création artistique. Pour une autre appro.pdf;/home/marina/Zotero/storage/F8IWMPFF/revue-annales-de-geographie-2008-2-page-179.html}
}

@online{HUMA-NUMDefinition,
  title = {Définition les consortiums-HN – Huma-Num},
  author = {Huma-Num},
  url = {https://www.huma-num.fr/les-consortiums-hn/},
  urldate = {2024-08-12},
  langid = {french},
  file = {/home/marina/Zotero/storage/ZWLVTNPY/les-consortiums-hn.html}
}

@online{Humanites,
  title = {Humanités {{Numériques Spatialisées}} – {{MAGIS}} – {{Groupement}} de {{Recherche}} 2340 Du {{CNRS}} (2017-2021)},
  url = {https://gdr-magis.imag.fr/?page_id=824},
  urldate = {2024-09-04},
  langid = {american},
  file = {/home/marina/Zotero/storage/MVHYFUS6/gdr-magis.imag.fr.html}
}

@article{IMPETTThere2022,
  title = {There {{Is}} a {{Digital Art History}}},
  author = {Impett, Leonardo and Offert, Fabian},
  date = {2022-04-03},
  journaltitle = {Visual Resources},
  volume = {38},
  number = {2},
  pages = {186--209},
  publisher = {Routledge},
  issn = {0197-3762},
  doi = {10.1080/01973762.2024.2362466},
  url = {https://doi.org/10.1080/01973762.2024.2362466},
  urldate = {2024-09-17},
  abstract = {In this paper, we revisit Johanna Drucker’s question, “Is there a digital art history?” – posed a decade ago in this journal – in the light of the emergence of large-scale, transformer-based vision models. While more traditional forms of neural network have long been part of digital art history, and digital humanities projects have recently begun to use transformer models, their epistemic implications and methodological affordances have not yet been systematically understood. We focus our analysis on two main aspects that, together, seem to suggest a coming paradigm shift towards a “digital” art history in Drucker’s sense. The visual-cultural repertoire newly encoded in large-scale vision models has an outsized effect on digital art history. The inclusion of significant numbers of non-photographic images allows for the extraction and automation of a much wider gamut of visual logics. Large-scale vision models have “seen” huge swathes of online visual culture, biased towards an exclusionary visual canon; they continuously solidify and concretize this canon through their already widespread application in all aspects of digital life. We use a large-scale vision model to propose a new critical methodology that acknowledges the epistemic entanglement of neural network and dataset. We propose that, in reading a corpus of visual culture through a neural network, we are always also doing the reverse. Digital art history is here, but not in the way we expected: rather, it has emerged as a crucial route to understanding, exposing, and critiquing the visual ideology of contemporary AI models.},
  keywords = {Artificial intelligence,Computer vision,Digital art history},
  file = {/home/marina/Zotero/storage/GP695TCC/Impett et Offert - 2022 - There Is a Digital Art History.pdf}
}

@online{INHAEtudier2023,
  title = {Étudier La Ville : Un Dialogue Entre Pratiques Numériques et Histoire de l’art - {{INHA}}},
  author = {INHA},
  date = {2023},
  url = {https://www.inha.fr/fr/recherche/programmation-scientifique/en-2022-2023/etudier-la-ville-un-dialogue-entre-pratiques-numeriques-et-histoire-de-l-art.html},
  urldate = {2024-08-26}
}

@online{INHASeminaire2023,
  type = {Text},
  title = {Séminaire | « Étudier la ville : un dialogue entre pratiques numériques et histoire de l’art »},
  shorttitle = {Séminaire | « Étudier la ville},
  author = {INHA},
  date = {2023-09-29},
  url = {https://www.inha.fr/fr/recherche/programmation-scientifique/en-2023-2024/etudier-la-ville-un-dialogue-entre-pratiques-numeriques-et-histoire-de-l-art.html},
  urldate = {2024-08-26},
  langid = {french}
}

@video{INHASeminaire2023a,
  entrysubtype = {video},
  title = {Séminaire | {{Modéliser}} et Représenter Un Lieu Dans Les Humanités Numériques : Regards Croisés},
  shorttitle = {Séminaire | {{Modéliser}} et Représenter Un Lieu Dans Les Humanités Numériques},
  editor = {{INHA}},
  editortype = {director},
  date = {2023-11-24},
  url = {https://www.youtube.com/watch?v=a_GYLJP6vdM},
  urldate = {2024-08-18},
  abstract = {Séminaire | Modéliser et représenter un lieu dans les humanités numériques : regards croisés 7 novembre 2023 Cette séance, en trois temps, permet de croiser les réflexions de professionnels issus de plusieurs institutions autour d’un dénominateur commun : le lieu. Une analyse des collections cartographiques numérisées de la BnF, notamment conservées au département des Cartes et plans, permettra d’abord de retracer les transformations topographiques et architecturales du quartier. Puis il s’agira de montrer comment les différentes composantes d’un lieu (toponymie, spatialité…) sont abordées dans les humanités numériques : la modélisation dans une base de données ou la représentation dans une application web. Intervenants Ange Aniesa (BnF), Paul Kervegan (INHA), Jean-Philippe Moreux (BnF, sous réserve) et Colin Prudhomme (ENC, sous réserve) Plus d'informations : https://agenda.inha.fr/events/modelis...}
}

@article{ESPAGNEnotion2013,
  title = {La notion de transfert culturel},
  author = {Espagne, Michel},
  date = {2013-04-18},
  journaltitle = {Revue Sciences/Lettres},
  number = {1},
  publisher = {École normale supérieure},
  issn = {2271-6246},
  doi = {10.4000/rsl.219},
  url = {https://journals.openedition.org/rsl/219},
  urldate = {2024-09-19},
  abstract = {Tout passage d’un objet culturel d’un contexte dans un autre a pour conséquence une transformation de son sens, une dynamique de resémantisation, qu’on ne peut pleinement reconnaître qu’en tenant compte des vecteurs historiques du passage. On peut donc dire d’emblée que la recherche sur les transferts culturels concerne la plupart des sciences humaines même si elle s’est développée à partir d’un certain nombre de points d’ancrage précis. L’étude des transferts culturels conduit à relativiser l’importance de la comparaison et, par dessus tout, la notion de centre.},
  issue = {1},
  langid = {french},
  keywords = {histoire des sciences humaines,historiographies transnationales,transfert culturel},
  file = {/home/marina/Zotero/storage/D25UGII4/Espagne - 2013 - La notion de transfert culturel.pdf}
}

@article{JOYEUX-PRUNELComment2021,
  title = {Comment Enseigner Les Humanités Numériques En Histoire de l'art ?},
  author = {Joyeux-Prunel, Béatrice and Jaskot, Paul B. and Klinke, Harald and Rodriguez-Ortega, Nuria},
  date = {2021},
  journaltitle = {Histoire de l'art},
  number = {87},
  pages = {5--16},
  publisher = {Association des professeurs d'archéologie et d'histoire de l'art des universités – APAHAU [1988-....]},
  url = {https://hal.science/hal-03352544},
  urldate = {2024-09-19},
  file = {/home/marina/Zotero/storage/D3XHXDHB/Bonfait et al. - 2021 - Humanités numériques et histoire de l'art en Franc.pdf}
}

@online{JOYEUX-PRUNELNumerique2021,
  type = {text},
  title = {Numérique et mondialisation de l’histoire culturelle. Quelques observations participantes},
  author = {Joyeux-Prunel, Béatrice},
  date = {2021-10},
  issn = {2780-4143},
  url = {https://revues.mshparisnord.fr/rhc/index.php?id=562},
  urldate = {2024-09-04},
  abstract = {L’informatique et la mondialisation ont changé les pratiques de l’histoire culturelle au même moment – et elles les ont changées ensemble. Des pratiques sociales aux manières de publier, de nos habitudes de recherche à leurs résultats, la digitalisation des approches a autant permis leur mondialisation qu’elle fut requise par le choix d’internationaliser nos démarches. L’histoire culturelle, lorsqu’elle a fait plus de place aux démarches computationnelles –quantitatives, cartographiques, édition de textes et de documents numérisés –, a fait place peut-être plus vite à des approches collectives internationalisées qui ont été et sont encore essentielles pour écrire une histoire plus décentrée et moins hiérarchique de la culture. Prolongeant une discussion amorcée lors du congrès de l’Association pour le Développement de l’Histoire Culturelle de septembre 2019, cet article tente d’évaluer l’action conjointe de la numérisation et de la mondialisation, du point de vue de l’histoire sociale de l’art et des images. Ce bilan part d’une expérience située, donc limitée, celle d’une historienne de l’art moderne et contemporain impliquée depuis une vingtaine d’années dans l’articulation des approches numériques et de méthodes plus traditionnelles, pour l’histoire mondiale et sociale de l’art et des images.},
  langid = {french},
  organization = {https://revues.mshparisnord.fr:443/rhc},
  file = {/home/marina/Zotero/storage/B84W2WM3/index.html}
}

@book{KAUFMANNGeography2004,
  title = {Toward a {{Geography}} of {{Art}}},
  author = {Kaufmann, Thomas DaCosta},
  date = {2004-03},
  publisher = {University of Chicago Press},
  location = {Chicago, IL},
  url = {https://press.uchicago.edu/ucp/books/book/chicago/T/bo3624268.html},
  urldate = {2024-09-04},
  abstract = {Art history traditionally classifies works of art by country as well as period, but often political borders and cultural boundaries are highly complex and fluid. Questions of identity, policy, and exchange make it difficult to determine the "place" of art, and often the art itself results from these conflicts of geography and culture. Addressing an important approach to art history, Thomas DaCosta Kaufmann’s book offers essays that focus on the intricacies of accounting for the geographical dimension of art history during the early modern period in Europe, Latin America, and Asia.Toward a Geography of Art presents a historical overview of these complexities, debates contemporary concerns, and completes its exploration with a diverse collection of case studies. Employing the author’s expertise in a variety of fields, the book delves into critical issues such as transculturation of indigenous traditions, mestizaje, the artistic metropolis, artistic diffusion, transfer, circulation, subversion, and center and periphery. What results is a foundational study that establishes the geography of art as a subject and forces us to reconsider assumptions about the place of art that underlie the longstanding narratives of art history.},
  isbn = {978-0-226-13312-6},
  langid = {english},
  pagetotal = {504}
}

@article{LEVYgeographie2008,
  title = {La géographie culturelle a-t-elle un sens~?},
  author = {Lévy, Jacques},
  date = {2008},
  journaltitle = {Annales de géographie},
  shortjournal = {Annales de géographie},
  volume = {660--661},
  number = {2-3},
  pages = {27--46},
  publisher = {Armand Colin},
  location = {Paris},
  issn = {0003-4010},
  doi = {10.3917/ag.660.0027},
  url = {https://www.cairn.info/revue-annales-de-geographie-2008-2-3-page-27.htm},
  urldate = {2024-05-21},
  abstract = {Innovante en apparence dans son énoncé, la géographie culturelle pose un double problème épistémologique. D’abord, s’agit-il d’une nouvelle branche de la géographie ou d’une école de pensée qui prétend réorganiser l’ensemble des savoirs de la discipline~? Le projet d’une géographie culturelle reprend et endosse les ambiguïtés du mot «~culture~» dans les sciences sociales contemporaines. Ensuite, le mot «~culture~» correspond le plus souvent à une version faible de la notion de société, en particulier dans les travaux anglophones. Cette géographie, qui aborde les sociétés sans le dire clairement, a-t-elle forgé de nouveaux outils pour explorer la dimension spatiale de ces sociétés~? Si le «~tournant culturel~» a certainement contribué à faire avancer notre regard sur le monde social dans certains domaines, la réponse à cette question n’est pas toujours consistante. Au bout du compte, deux caractéristiques, qui pouvaient paraître périphériques, se révèlent essentielles pour éclairer les logiques de ces hésitations. L’une, théorique, concerne la mise en place éventuelle d’un paradigme du social qui se passerait d’un concept de société. L’autre, effet pratique du premier, concerne l’usage de discours universitaires prétendant fonder le «~multiculturalisme~» sur le respect des «~cultures~» pour légitimer le communautarisme contre la «~société des individus~».},
  langid = {french},
  file = {/home/marina/Zotero/storage/EKKXG9PB/revue-annales-de-geographie-2008-2-page-27.html}
}

@online{LOUISSEMINAIRE2022,
  type = {Billet},
  title = {SEMINAIRE Reg-Arts : autour du registre des anciens élèves peintres et sculpteurs de l’École des beaux-arts},
  shorttitle = {SEMINAIRE Reg-Arts},
  author = {Louis, Stéphanie-Emmanuelle},
  date = {2022-11-16},
  issn = {2725-4992},
  doi = {10.58079/pphe},
  url = {https://hpca.hypotheses.org/1457},
  urldate = {2024-07-19},
  abstract = {Entre 1800 et 1968, plus de 13 000 élèves peintres et sculpteurs se sont inscrits à l’École des beaux-arts de Paris. Dans le cadre du projet de publication numérique des registres d’inscription de l’École (Beaux-arts de Paris, CNRS et l’INHA), ce séminaire a pour objet d’interroger les données contenues dans ces documents et d’en sonder … Continuer la lecture de «~SEMINAIRE Reg-Arts~: autour du registre des anciens élèves peintres et sculpteurs de l’École des beaux-arts~»},
  langid = {french},
  organization = {HPCA},
  file = {/home/marina/Zotero/storage/EEWUXCPV/1457.html}
}

@book{MOUNIERhumanites2018,
  title = {Les humanités numériques : Une histoire critique},
  shorttitle = {Les humanités numériques},
  author = {Mounier, Pierre},
  date = {2018},
  series = {Interventions},
  publisher = {Éditions de la Maison des sciences de l’homme},
  location = {Paris},
  url = {https://books.openedition.org/editionsmsh/12006},
  urldate = {2024-05-13},
  abstract = {Quel avenir faut-il prédire aux humanités~? Les signes d'une désaffection pour la culture humaniste se sont multipliés au cours des dernières années en France et ailleurs. Dans ce contexte morose et déprimé, le développement des humanités numériques apparaît à certains comme une planche de salut pour des disciplines autrement condamnées à disparaître. Toutefois, réinventer les humanités par le numérique suppose de relever trois défis de taille~: leur rapport à la technique, leur relation au politique et enfin à la science elle-même. Les humanités numériques sont très critiquées : pour certains elles relèvent de la poudre aux yeux, pour d'autres, elles constituent une menace extraordinaire. Mais s'il y a bien quelque chose que l'on ne peut contester, c'est leur capacité à poser de bonnes questions aux différentes disciplines des sciences humaines et sociales. Penser la place que les humanités doivent tenir dans notre monde implique d'en redéfinir le contrat social et épistémique. Elles sont riches d'opportunités de ce point de vue~: à condition de ne pas dénaturer la spécificité humanistique des pratiques de recherche auxquelles elles s'appliquent.},
  isbn = {978-2-7351-2483-1},
  langid = {french},
  pagetotal = {176},
  keywords = {digital studies,épistémologie,humanisme,Humanités,IBM,numérique,sciences humaines et sociales,technoscience,théorie critique}
}

@article{RISAMIntroduction2022,
  title = {Introduction: {{The Questions}} of {{Minimal Computing}}},
  shorttitle = {Introduction},
  author = {Risam, Roopika and Gil, Alex},
  date = {2022-06-25},
  journaltitle = {Digital Humanities Quarterly},
  shortjournal = {DHQ},
  volume = {016},
  number = {2},
  issn = {1938-4122},
  file = {/home/marina/Zotero/storage/BDX2ZHJE/000646.html}
}

@online{SAINT-RAYMONDDans2024,
  title = {Dans les « humanités numériques », les humanités viennent en premier | Observatoire des humanités numériques},
  author = {Saint-Raymond, Léa},
  date = {2024},
  url = {https://odhn.ens.psl.eu/newsroom/dans-les-humanites-numeriques-les-humanites-viennent-en-premier},
  urldate = {2024-05-13},
  abstract = {Entretien avec Léa Saint-Raymond, directrice de l’Observatoire des humanités numériques à l'ENS-PSL, paru dans le numéro Vu.es d'Ulm du 25 avril 2024.},
  langid = {french},
  file = {/home/marina/Zotero/storage/RMQPPFIC/dans-les-humanites-numeriques-les-humanites-viennent-en-premier.html}
}

@book{STEMBERAdvancing1991,
  title = {Advancing the Social Sciences through Interdisciplinarity Enterprise.},
  author = {Stember, Marilyn},
  date = {1991},
  publisher = {University of {{Colorado Health Sciences Center}}}
}

@article{TORREtournant2008,
  title = {Un «~tournant spatial~» en histoire~? Paysages, regards, ressources},
  shorttitle = {Un «~tournant spatial~» en histoire~?},
  author = {Torre, Angelo},
  date = {2008},
  journaltitle = {Annales. Histoire, Sciences Sociales},
  shortjournal = {Annales. Histoire, Sciences Sociales},
  volume = {63e année},
  number = {5},
  pages = {1127--1144},
  publisher = {Éditions de l'EHESS},
  location = {Paris},
  issn = {0395-2649},
  url = {https://www.cairn.info/revue-annales-2008-5-page-1127.htm},
  urldate = {2024-08-05},
  abstract = {Le succès récent de la catégorie de paysage en histoire permet d’examiner les formes et les  contenus du «~tournant spatial~». L’utilisation de cette catégorie en termes essentiellement visuels et symboliques de la part des historiens et des géographes peut être mise en relation avec l’influence de la géographie culturelle. Cet article essaie d’identifier quelques-unes des discussions théoriques qui ont donné naissance à cette démarche méthodologique, et en particulier sa distance par rapport à l’analyse localisée des processus. Enfin, l’auteur propose une lecture alternative de la notion de paysage grâce aux méthodes de l’écologie historique, dont il illustre les possibilités explicatives à travers un exemple d’analyse localisée des pratiques d’utilisation des ressources végétales dans les montagnes de Ligurie.},
  langid = {french},
  file = {/home/marina/Zotero/storage/5XCB5SL5/Torre - 2008 - Un « tournant spatial » en histoire Paysages, reg.pdf;/home/marina/Zotero/storage/XML6X9JJ/revue-annales-2008-5-page-1127.htm&wt.html}
}

@article{VOLVEYpar,
  title = {De, sur, par, avec l'art… Mouvements de géographie vers l'art. Perspectives empiriques, théoriques, politiques et épistémologiques},
  author = {Volvey, Anne},
  langid = {french},
  file = {/home/marina/Zotero/storage/IEUHI9JR/Volvey - De, sur, par, avec l'art… Mouvements de géographie.pdf}
}

@article{WINDHAGERReview,
  title = {A {{Review}} of {{Information Visualization Approaches}} and {{Interfaces}} to {{Digital Cultural Heritage Collections}}},
  author = {Windhager, Florian and Federico, Paolo and Mayr, Eva and Schreder, Günther and Smuc, Michael},
  abstract = {After decades of digitization, the web hosts a large scale museum, consisting of millions of digital cultural objects. To balance the drawbacks of parsimonious search-centric interfaces, various approaches have been developed to enable also visual access to these collections, and to browse and explore the cultural richness of existing archives. This paper reviews information visualization approaches to digital cultural heritage collections, reflects on prominent arrangement principles and design choices for digital collection interfaces, and points out options for future research.},
  langid = {english},
  file = {/home/marina/Zotero/storage/RY4N4CGW/Windhager et al. - A Review of Information Visualization Approaches a.pdf}
}

@book{JENSENIUSSound2022,
  title = {Sound {{Actions}}: {{Conceptualizing Musical Instruments}}},
  shorttitle = {Sound {{Actions}}},
  author = {Jensenius, Alexander Refsum},
  year = {2022},
  month = dec,
  publisher = {The MIT Press},
  doi = {10.7551/mitpress/14220.001.0001},
  urldate = {2024-06-11},
  abstract = {A techno-cognitive look at how new technologies are shaping the future of musicking. ``Musicking'' encapsulates both the making of and perception of music, s},
  isbn = {978-0-262-37220-6},
  langid = {english},
  file = {/Users/victorparedes/Zotero/storage/6PL5X3KK/boo}
}