@online{BNFJournee2022, 
  title = {Journée d'études {{BnF}} - {{Res}}(t)Ituer Les Adresses Des Almanachs et Annuaires Commerciaux Parisiens Du {{XIXe}} Siècle. {{Un}} Corpus de Localisations Urbaines à Grande Échelle ({{Manifestation}})},
  author = {BnF},
  date = {2022},
  location = {Paris},
  url = {https://actions-recherche.bnf.fr/BnF/anirw3.nsf/IX01/A2022000043_res-t-ituer-les-adresses-des-almanachs-et-annuaires-commerciaux-parisiens-du-xixe-siecle-un-corpus-de-localisations-urbaines-a-grande-echelle},
  urldate = {2024-08-15}
}

@online{BNFLhistoire2023,
  title = {L’histoire du quartier Richelieu à la loupe},
  author = {BnF},
  date = {2023},
  url = {https://www.bnf.fr/fr/lhistoire-du-quartier-richelieu-la-loupe},
  urldate = {2024-08-12},
  abstract = {BnF - Site institutionnel},
  langid = {french},
  organization = {BnF - Site institutionnel}
}

@online{BNFquadrilatere2024,
  title = {Le quadrilatère Richelieu : histoire d’une renaissance},
  author = {BnF},
  date = {2024},
  url = {https://www.bnf.fr/fr/histoire-dune-renaissance},
  urldate = {2024-08-12},
  abstract = {BnF - Site institutionnel},
  langid = {french},
  organization = {BnF - Site institutionnel}
}

@article{CARBONNIERderoulement2015,
  title = {Le déroulement d’un chantier parisien sous l’Ancien Régime~: le dégagement des ponts et des quais},
  shorttitle = {Le déroulement d’un chantier parisien sous l’Ancien Régime},
  author = {Carbonnier, Youri},
  date = {2015},
  journaltitle = {Histoire urbaine},
  shortjournal = {Histoire urbaine},
  volume = {43},
  number = {2},
  pages = {71--97},
  publisher = {Société française d'histoire urbaine},
  location = {Paris},
  issn = {1628-0482},
  doi = {10.3917/rhu.043.0071},
  url = {https://www.cairn.info/revue-histoire-urbaine-2015-2-page-71.htm},
  urldate = {2024-05-16},
  abstract = {En~1786, après des années de réflexion, la Ville de Paris lance la démolition des maisons bâties sur les ponts. Des sources exceptionnellement généreuses (archives, mais aussi images, en particulier les toiles quasi documentaires d’Hubert Robert) font de ce chantier un observatoire unique de l’activité du bâtiment et des travaux publics. Depuis les appels d’offre et les adjudications jusqu’aux finitions, en passant par les phases les plus concrètes de la démolition, on connaît ainsi l’emprise spatiale du chantier et son organisation, les métiers à l’œuvre, leurs horaires, les malversations de certains entrepreneurs, les nuisances pour le voisinage et les accidents. Par le changement notable qu’il induit dans le paysage du cœur de la capitale, par son organisation complexe et par son montage financier, ce dernier grand chantier de l’Ancien Régime annonce déjà les grands travaux parisiens du XIXe siècle.},
  langid = {french}
}

@book{CHARLECapitales2023,
  title = {«~Capitales~» des XIXe siècles},
  author = {Charle, Christophe},
  date = {2023},
  volume = {70--2},
  publisher = {Belin},
  location = {Paris},
  url = {https://www.cairn.info/revue-d-histoire-moderne-et-contemporaine-2023-2-page-201.htm},
  urldate = {2024-05-13},
  langid = {french},
  pagetotal = {652 p.},
  file = {/home/marina/Zotero/storage/8I5DAXJC/E. Harrison - 2023 - Christophe Charle, Paris, « capitales » des xixe s.pdf;/home/marina/Zotero/storage/AVWS8XWL/revue-d-histoire-moderne-et-contemporaine-2023-2-page-201.html}
}

@book{CHARLEStemps2009,
  title = {Le temps des capitales culturelles : XVIIIe-XXe siècles},
  author = {Charle, Christophe},
  date = {2009},
  publisher = {Champ Vallon},
  location = {Seyssel},
  abstract = {L'histoire culturelle de l'Europe entre le XVIIIe siècle et le milieu du XXe siècle est marquée par l'émergence de nouveaux lieux centraux pour les échanges, le rayonnement et l'innovation en matière de culture. L’observation de ces capitales culturelles, d’Etat le plus souvent, permet de comprendre la dynamique du passage de…},
  langid = {french},
  file = {/home/marina/Zotero/storage/CYYV6IGG/christophe-charle-le-temps-des-capitales-culturelles.html}
}

@misc{CSTPTMDemande2022,
  title = {Demande de Labélisation {{Cst PTM}}},
  author = {Cst PTM},
  date = {2022}
}

@article{DIMEOgeographie2008,
  title = {La géographie culturelle~: quelle approche sociale~?},
  shorttitle = {La géographie culturelle},
  author = {Di Méo, Guy},
  date = {2008},
  journaltitle = {Annales de géographie},
  shortjournal = {Annales de géographie},
  volume = {660--661},
  number = {2-3},
  pages = {47--66},
  publisher = {Armand Colin},
  location = {Paris},
  issn = {0003-4010},
  doi = {10.3917/ag.660.0047},
  url = {https://www.cairn.info/revue-annales-de-geographie-2008-2-3-page-47.htm},
  urldate = {2024-05-21},
  abstract = {Une nouvelle géographie culturelle s’impose, depuis les années 1980, dans le paysage de la géographie française. Profitant du «~tournant culturel~» et du «~retour du sujet ou de l’acteur~», deux tendances enregistrées depuis un peu plus d’une vingtaine d’années dans les sciences de l’homme et du social, elle est parfois présentée comme une alternative à la géographie sociale, d’inspiration marxienne, apparue quelques années avant elle. Le but de l’article est de montrer que, d’une part, ces deux géographies sont inséparables et que, d’autre part, la dimension sociale de toute géographie prend nécessairement le pas sur sa composante culturelle. Tout fait culturel naît dans un creuset social et se constitue dans le tissu des rapports sociaux et spatiaux~; même si, en retour, les contenus culturels façonnent les contextes sociaux et spatiaux qui les produisent et les expriment. En face d’une géographie culturelle qui n’échappe pas toujours au culturalisme, une géographie cognitive et critique, à la fois sociale et culturelle est proposée.},
  langid = {french}
}

@inproceedings{DUVETTECulture2024,
  title = {Culture visuelle et questions d'échelle},
  author = {Duvette, Charlotte and Kervegan, Paul},
  date = {2024},
  location = {Meknès},
  eventtitle = {Humanistica, Association francophone des humanités numériques},
  langid = {french},
  file = {/home/marina/Zotero/storage/8RNK6YBT/Duvette et Kervegan - Culture visuelle et questions d'échelle.pdf}
}

@article{DUVETTEquartier2024,
  title = {Le quartier « Richelieu » : spécialisation et spatialisation de la ville moderne},
  author = {Duvette, Charlotte},
  year = {à paraître 2024},
  journaltitle = {Penser en coupe : espace, structure, décor},
  shortjournal = {Profils},
  volume = {n°4},
  langid = {french}
}

@online{INHACarnet2023,
  title = {Carnet de recherche de l'INHA - le projet Richelieu},
  author = {INHA},
  date = {2023},
  issn = {2739-607X},
  url = {https://numrha.hypotheses.org/rich-data},
  urldate = {2024-09-16},
  abstract = {Le projet Richelieu L’objectif du projet « Richelieu. Histoire du quartier » est de mettre en lumière le patrimoine lié au secteur compris entre le...},
  langid = {french},
  organization = {Numérique et recherche en histoire de l'art}
}
@book{WALTERParis1989,
  title = {Paris {{Capitale}} Du {{XXe}} Siècle. {{Le}} Livre Des Passages},
  author = {Walter, Benjamin},
  year = {Edition 1989},
  publisher = {Les éditions du Cerf},
  location = {Paris}
}

@online{INHAJournee2023,
  title = {Journée d'études | {{Lieux}}, Société, Architecture : Penser l’histoire de La Ville Par l’espace - 2/2},
  shorttitle = {Journée d'études | {{Lieux}}, Société, Architecture},
  editor = {{INHA}},
  editortype = {director},
  date = {2023-04-05},
  url = {https://www.youtube.com/watch?v=NLW3L4R0Hcg},
  urldate = {2024-05-28},
  abstract = {Journée d'études | Lieux, société, architecture : penser l’histoire de la ville par l’espace - Session 2/2 15 mars 2023 L’objectif de cette journée d’études est de questionner le concept du spatial turn, appliqué à l’histoire de l’architecture et de la ville, suivant l’hypothèse que la spatialité recouvre une réalité à la fois physique et culturelle. L’approche convoque des domaines historiques complémentaires. Dans cette perspective, il s’agit d’aborder la ville par sa spatialité et dans son rapport à la société, à travers les réseaux qui la constituent (réseaux artistiques, financiers, ou encore littéraires). S’intéresser à la circulation des savoirs et des modèles, des pratiques commerciales ou éditoriales, des représentations ou des humains favorise la compréhension de l’aménagement et des transformations de l’espace urbain, en évolution perpétuelle. Les intervenants croiseront les méthodes des disciplines historiques mobilisées, depuis l’histoire de l’art et de l’architecture, de la photographie ou plus généralement des médias, jusqu’à l’histoire éditoriale ou encore la littérature. Un des enjeux de la spatialisation de ces objets d’étude est d’envisager un projet de topographie culturelle à l’échelle de la ville et de son territoire. En savoir plus sur l'événement  : http://bit.ly/3GiplQK \_\_\_\_\_\_\_\_\_\_\_\_\_\_\_\_\_\_\_\_\_\_\_ 00:00 - 30:28 : Les peintres dans la ville: Paris au XVIIIe siècle - Maël Tauziède-Espariat (université Paris Nanterre) 30:28 - 52:42 : Des nouvelles ambitions dans des vieux quartiers ? Les évolutions spatiales dans le monde du livre milanais entre 1775-1825) - Francesco Dendena (Institut Catholique de Paris) 52:42 - 1:23:10 : 1840-1870, des daguerréotypistes du Palais-Royal aux collodionneurs des Grands-Boulevards, 30 ans de photographie au cœur de Paris - Marc Durand (Archives nationales) 1:23:10 - 1:38:46 : Chroniques d’une disparition? Le marché de l’art et le quartier Richelieu (1815-1955) - Léa Saint-Raymond (ENS-PSL) 1:38:46 - 1:48:23  : Discussion 1:48:23 - 3:09:34 : Table-ronde Méthodes et perspectives d’une cartographie culturelle ? Denis Bocquet (École nationale supérieure d’architecture de Strasbourg), Isabelle Conte (EPHE), Jean-Philippe Garric (HiCSA, université Paris 1 Panthéon-Sorbonne), Valérie Nègre (université Paris 1 Panthéon-Sorbonne), Nathalie Roseau (École nationale des ponts et chaussées)}
}

@online{INHAJournee2023a,
  title = {Journée d'études | {{Lieux}}, Société, Architecture : Penser l’histoire de La Ville Par l’espace - 1/2},
  shorttitle = {Journée d'études | {{Lieux}}, Société, Architecture},
  editor = {{INHA}},
  editortype = {director},
  date = {2023-04-05},
  url = {https://www.youtube.com/watch?v=zTeBEJh41pw},
  urldate = {2024-05-28},
  abstract = {Lieux, société, architecture : penser l’histoire de la ville par l’espace - Session 1/2 15 mars 2023 L’objectif de cette journée d’études est de questionner le concept du spatial turn, appliqué à l’histoire de l’architecture et de la ville, suivant l’hypothèse que la spatialité recouvre une réalité à la fois physique et culturelle. L’approche convoque des domaines historiques complémentaires. Dans cette perspective, il s’agit d’aborder la ville par sa spatialité et dans son rapport à la société, à travers les réseaux qui la constituent (réseaux artistiques, financiers, ou encore littéraires). S’intéresser à la circulation des savoirs et des modèles, des pratiques commerciales ou éditoriales, des représentations ou des humains favorise la compréhension de l’aménagement et des transformations de l’espace urbain, en évolution perpétuelle. Les intervenants croiseront les méthodes des disciplines historiques mobilisées, depuis l’histoire de l’art et de l’architecture, de la photographie ou plus généralement des médias, jusqu’à l’histoire éditoriale ou encore la littérature. Un des enjeux de la spatialisation de ces objets d’étude est d’envisager un projet de topographie culturelle à l’échelle de la ville et de son territoire. En savoir plus sur l'événement  : http://bit.ly/3GiplQK \_\_\_\_\_\_\_\_\_\_\_\_\_\_\_\_\_\_\_\_ 00:00 - 10:47 : Présentation institutionnelle - Jean-Philippe Garric (HiCSA, université Paris 1 Panthéon-Sorbonne), France Nerlich (INHA), Letizia Tedeschi (Archivio del ModernoUniversità della Svizzera italiana) 10:47 -  33:49 :  Préambule - Situer, cartographier, contextualiser : l’espace, notion et outil pour l’histoire culturelle de l’architecture et de la ville - Guy Lambert (École nationale supérieure d’architecture Paris-Belleville) 33:49 - 53:55 : Introduction - De la ville à la rue, approches d’études urbaines, échelles et enjeux méthodologiques - Pierre Coffy (HiCSA, université Paris 1 Panthéon-Sorbonne) et Charlotte Duvette (INHA) 53:55 - 1:17:26 : Un « tout nouveau théâtre » situé dans les remparts: fonctionnement et réception d’une forme de remploi rencontrée dans la Monarchie des Habsbourg après 1770 - Raluca Muresan (centre André Chastel, Sorbonne-Université)   1:17:26 - 1:50:58 : Henri Blondel (1821-1897) : Le réseau d’un architecte-entrepreneur à l’œuvre des grands travaux haussmanniens - Elsa Jamet (centre André Chastel, Sorbonne-Université) 1:50:58 - 2:15:17 : La question des modèles entre France et Italie dans l’architecture de la Reconstruction: le cas de Luigi Carlo Daneri (1900-1972) et Gênes - Elisa Boeri (École polytechnique de Milan) 2:15:17 - 2:51:50 : Isidore Ducasse, un homme de lettres de la rue Vivienne, ou l’inscription du quartier Richelieu dans Les Chants de Maldoror - Kevin Saliou (université de Brest)}
}

@online{INVISUPresentation2023,
  title = {Présentation laboratoire InVisu},
  author = {InVisu},
  date = {2023},
  url = {https://invisu.cnrs.fr/laboratoire/},
  urldate = {2024-08-12},
  langid = {french},
  organization = {InVisu},
  file = {/home/marina/Zotero/storage/3DWBSSDE/laboratoire.html}
}

@book{JAKOBOWICZpeuple2011,
  title = {Le peuple de Paris au XIXe siècle : des guinguettes aux barricades, 5 octobre-2011 - 26 février 2012 / Musée Carnavalet - Histoire de Paris},
  shorttitle = {Le peuple de Paris au XIXe siècle},
  author = {Jakobowicz, Nathalie and Démier, Francis and Jarrige, François and Faure, Alain and Vigarello, Georges and Yon, Jean-Claude and Le Men, Ségolène and Simon, Miriam and Kalifa, Dominique and Caron, Jean-Claude and Carnavalet, Musée},
  date = {2011},
  publisher = {Paris musées. Paris},
  url = {https://catalogue.philharmoniedeparis.fr/catalogue/doc/ALOES/0979888/le-peuple-de-paris-au-xixe-siecle-des-guinguettes-aux-barricades-5-octobre-2011-26-fevrier-2012-muse},
  urldate = {2024-08-12},
  abstract = {Contient : "Le peuple : mythe et représentations" / Nathalie Jakobowicz. "Paris, capitale populaire" / Francis Démier. "Artisanats et industries" / François Jarrige. "Le coeur populaire" / Alain Faure. "Le corps des pauvres" / Georges Vigarello. "Les récréations" / Jean-Claude Yon. "Honoré Daumier, l'empathie bienveillante" / Ségolène Le Men. "Le chiffonnier, une figure de synthèse" / Miriam Simon. "Pauvres et indigents" / Dominique Kalifa. "Surveillance policière et contrôles sociaux" / Jean-Claude Caron. "Paris-insurrection" / Jean-Claude Caron..},
  isbn = {978-2-7596-0161-5},
  langid = {fre},
  pagetotal = {396 p. ; nombreuses illustrations ; 30 cm},
  keywords = {Daumier Honoré (1808-1879),Musée Carnavalet},
  file = {/home/marina/Zotero/storage/SB7S579J/le-peuple-de-paris-au-xixe-siecle-des-guinguettes-aux-barricades-5-octobre-2011-26-fevrier-2012.html}
}

@inproceedings{KERVEGANmarque2023,
  title = {“ {{La}} Marque Du Lieu ” Dans Le “ Quartier {{Richelieu}} ”},
  booktitle = {Humanistica 2023},
  author = {Kervegan, Paul and Duvette, Charlotte and Jeanson, Loïc and Prudhomme, Colin and Gain, Justine and Dasilva, Esther and Baranger, Louise},
  date = {2023-06},
  series = {Géographie},
  publisher = {Association francophone des humanités numériques},
  location = {Genève, Switzerland},
  url = {https://hal.science/hal-04108218},
  urldate = {2024-05-13},
  abstract = {À partir d'un corpus complexe (iconographique, cartographique, textuel) portant sur un quartier parisien (1750-1950), nous proposons de définir un élément à même de réunir, de modéliser et de représenter nos sources : le lieu. Celui-ci permet de faire converger les composantes spatiales et historiques de notre corpus. Il s'agit alors de montrer la manière dont le lieu est appréhendé d'un point de vue technique : de quelle manière il peut être modélisé, mais aussi comment il peut être représenté dans un modèle 3D historique. Enfin, nous présenterons la manière dont le lieu peut servir de moteur pour l'exploration et l'interaction avec le corpus sur une application Web. En définitive, nous souhaitons interroger la manière dont le lieu vient modifier notre rapport aux sources et à la technique, dans le cadre d'un projet en humanités numériques et en histoire de l'architecture.},
  keywords = {Cartographie,Cartography,Histoire de la ville,History of cities,Iconographie,Iconography,Paris}
}

@misc{KERVEGANPrix2023,
  title = {Prix {{Science Ouverte}} - Projet {{Richelieu}}},
  author = {Kervegan, Paul and Duvette, Charlotte},
  date = {2023},
  file = {/home/marina/Téléchargements/Prix_Science_Ouverte_final_2023.pdf}
}

@misc{PROJETFondation2021,
  title = {Fondation Des Sciences Du Patrimoine - {{Appel}} à Projet 2021},
  author = {Projet, Richelieu},
  date = {2021},
  file = {/home/marina/Zotero/storage/ZFZ2RDPA/2021 - Appel à projet 2021 FSP.pdf}
}

@misc{PROJETFondation2023,
  title = {Fondation Des Sciences Du Patrimoine - {{Appel}} à Projet 2023},
  author = {Projet, Richelieu},
  date = {2023},
  file = {/home/marina/Zotero/storage/2SV5UK9C/Appel à projet 2023 FSP.pdf}
}

@online{RICHDATA2023,
  title = {RICH.DATA Richelieu. Histoire du quartier – POC modélisation de données – Fondation des Sciences du Patrimoine},
  date = {2023},
  url = {https://www.sciences-patrimoine.org/projet/rich-data/},
  urldate = {2024-08-12},
  langid = {french}
}

@report{SAWYERCartographie2011,
  type = {Research Report},
  title = {Une {{Cartographie Culturelle}} de {{Paris}}: {{Les Ambiances}} Du {{Paris-Métropole}}},
  shorttitle = {Une {{Cartographie Culturelle}} de {{Paris}}},
  author = {Sawyer, Stephen W. and Beaucire, Francis and Clark, Terry and Desjardins, Xavier and Feriel, Cédric and Fleetwood, Reed and Lukawski, Joe and Jaffré, Maxime and Raby, Adèle and Rouet, Mathias and Schiff, Brian},
  date = {2011-04},
  institution = {Ville de Paris, programme Paris 2030 ; The American university of Paris ; Université Paris-1 Panthéon-Sorbonne ; The University of Chicago},
  url = {https://hal.science/hal-01646311},
  urldate = {2024-05-21},
  abstract = {De janvier 2009 à janvier 2011, notre équipe interdisciplinaire et internationale a mené ses recherches en vue de produire une cartographie culturelle du Paris-Métropole (75, 92, 93, 94). Le rapport qui suit marque l’aboutissement de ce projet. A travers plus d’une cinquantaine de cartes inédites, des analyses qualitatives et quantitatives, ainsi qu’un documentaire, nous sommes heureux de mettre en scène, dans le cadre de ce rapport, les principales conclusions de notre projet qui offrent non seulement un point de vue utile et original sur la métropole de Paris aujourd’hui, mais aussi des outils pour comprendre ce que sera le Paris de demain.}
}

@incollection{VOVELLEsections1988,
  title = {Les sections Parisiennes},
  booktitle = {Paris et la Révolution},
  author = {Vovelle, Michel},
  date = {1988},
  series = {Histoire moderne},
  pages = {XII-XIII},
  publisher = {Éditions de la Sorbonne},
  location = {Paris},
  doi = {10.4000/books.psorbonne.66829},
  url = {https://books.openedition.org/psorbonne/66829},
  urldate = {2024-08-12},
  isbn = {979-10-351-0463-4},
  langid = {french}
}
