@book{ASIMOVFin1955,
  title = {La {{Fin}} de l'éternité},
  author = {Asimov, Isaac},
  year = {1955, réédition de 1976},
  publisher = {Denoël},
  location = {Paris}
}

@book{BARJAVELVoyageur1943,
  title = {Le Voyageur imprudent},
  author = {Barjavel, René},
  year = {1943, réédition de 1973},
  publisher = {Gallimard},
  location = {Paris},
  abstract = {Le Voyageur imprudent est un livre de René Barjavel. Résumé : Un jeune homme rencontre un vieil homme qui lui propose de voyager dans le temps en avalant une simple ...},
  langid = {french},
  file = {/home/marina/Zotero/storage/QEXFWBVG/410990.html}
}

@book{BAXTERVaisseaux1996,
  title = {Les {{Vaisseaux}} Du Temps},
  author = {Baxter, Stephen},
  year = {1996, réédité en 2003},
  publisher = {Le livre de poche},
  location = {Paris}
}

@book{BESSONLucy2014,
  entrysubtype = {film},
  title = {Lucy},
  author = {Besson, Luc},
  publisher = {},
  date = {2014}
}

@book{CLAIRCest1945,
  entrysubtype = {film},
  title = {C'est Arrivé Demain},
  author = {Clair, René},
  publisher = {},
  date = {1945}
}

@book{CURTIStime2013,
  entrysubtype = {film},
  title = {About Time},
  author = {Curtis, Richard},
  publisher = {},
  date = {2013}
}

@book{DIVERSDoctor1963,
  entrysubtype = {film},
  title = {Doctor {{Who}}},
  author = {Divers},
  editortype = {director},
  date = {1963/1989}
}

@book{MALRAUXMusee1996,
  title = {Le {{Musée Imaginaire}}},
  author = {Malraux, André},
  date = {1996},
  series = {Folio Essais},
  publisher = {Gallimard},
  location = {Paris},
}

@book{MARKERJetee1962,
  entrysubtype = {film},
  title = {La {{Jetée}}},
  author = {Marker, Chris},
  publisher = {},
  date = {1962}
}

@book{NOLANTenet2020,
  entrysubtype = {film},
  title = {Tenet},
  author = {Nolan, Christopher},
  publisher = {},
  date = {2020}
}

@book{PALMachine1960,
  entrysubtype = {film},
  title = {La {{Machine}} à Explorer Le Temps},
  author = {Pal, George},
  publisher = {},
  date = {1960}
}

@book{POIREVisiteurs1993,
  date = {1993},
  entrysubtype = {film},
  title = {Les {{Visiteurs}}},
  author = {Poiré, Jean-Marie},
  publisher = {}
}

@book{WELLSmachine1895,
  title = {La Machine à Explorer Le Temps},
  author = {Wells, Herbert Georges},
  year = {1895, réédité en 1997},
  publisher = {Gallimard},
  location = {Paris}
}

@book{ZEMECKISRetour1985,
  title = {Retour Vers Le Futur},
  author = {Zemeckis, Robert},
  publisher = {},
  date = {1985}
}
